2667 4475
669 270 809 339 EX
856 268 1207 342 LIBRIS
1250 268 1709 341 SENECAE.
2139 272 2274 367 387

110 408 211 479 ad
254 404 598 478 Lucilium
638 402 1020 496 composuit
1043 450 1065 485 ,
1108 398 1526 469 deridiculos
1563 424 1798 473 versus
1835 403 1929 496 Q.
1977 404 2276 473 Ennium

117 526 209 595 de
246 522 559 617 Cethego
596 520 881 612 antiquo
918 519 1066 589 viro
1104 518 1346 587 fecisse
1377 516 1507 587 hos
1543 516 1710 588 dicit
1756 546 1772 587 ε

462 701 681 720 .......
708 665 889 719 Dictus
907 662 1023 717 ollis
1044 660 1374 738 popularibus
1395 662 1520 716 olim
1537 704 1552 731 ‚
1581 668 1588 680 '

450 750 559 821 Qui
580 764 690 806 tum
712 750 954 805 vivebant
972 749 1209 805 homines
1226 788 1243 811 ,
1266 762 1418 821 atque
1441 768 1606 805 ovum
1627 750 1886 825 agit-baut
1899 791 1916 818 ,

454 838 579 891 Flos
608 836 857 890 delibatus
880 834 1054 911 populi
1078 846 1129 887 et
1149 835 1306 888 suada
1332 835 1573 889 medulla.

118 962 227 1031 Ao
255 959 506 1031 deinde
532 960 773 1031 scribit
797 957 886 1029 de
914 957 1157 1029 iisdem
1184 961 1494 1029 versibus
1522 960 1733 1033 verba
1753 964 1900 1035 haec
1933 988 1954 1036 z
1992 990 2026 1031 (ι
2053 962 2284 1035 Admi-

118 1101 241 1145 ror
271 1074 862 1168 eloquentissimos
888 1076 1073 1143 viros
1094 1124 1113 1158 ‚
1148 1090 1219 1143 et
1244 1072 1512 1146 deditos
1547 1079 1769 1147 Ennio
1787 1128 1814 1165 ‚
1853 1102 1982 1173 pro
2008 1082 2284 1173 optimis

121 1192 421 1263 ridicula
455 1191 790 1261 laudasse.
836 1192 1081 1259 Cicero
1110 1206 1297 1259 certe
1322 1193 1506 1260 inter
1535 1193 1750 1263 bonos
1778 1195 1926 1289 ejus
1957 1222 2194 1269 versus
2218 1216 2288 1269 et

120 1309 251 1379 hos
278 1309 512 1378 refert.
548 1334 581 1373 »
618 1308 845 1401 Atque
870 1308 945 1377 id
977 1308 1181 1377 etiam
1210 1307 1297 1375 de
1324 1309 1660 1379 Cicerone
1690 1310 1882 1380 dicit.
1925 1340 1958 1379 «
1984 1316 2141 1383 Non
2161 1319 2290 1383 mi-

124 1452 279 1509 ror,
322 1426 549 1518 inquit
573 1475 592 1509 ‚
630 1425 841 1495 fuisse
868 1425 991 1517 qui
1020 1424 1149 1493 hos
1173 1448 1410 1494 versus
1439 1427 1772 1496 scriberet
1789 1479 1807 1512 ,
1842 1453 2052 1521 quum
2081 1432 2290 1499 fuerit

125 1547 245 1639 qui
277 1543 591 1612 laudaret
616 1570 633 1611 ι
658 1544 791 1611 nisi
812 1542 985 1611 forte
1012 1544 1257 1611 Cicero
1286 1568 1588 1613 summus
1613 1562 1844 1615 orator
1861 1546 2108 1642 agebat
2135 1572 2292 1619 cau-

124 1688 273 1732 sam
311 1653 544 1744 suam',
588 1676 657 1727 et
686 1659 959 1729 volebat
996 1658 1125 1726 hos
1169 1682 1410 1751 versus
1445 1658 1667 1752 videri
1713 1662 1954 1734 bonos.
1996 1690 2030 1729 >2
2076 1665 2289 1735 Paulo

125 1793 326 1875 post:
364 1774 608 1872 «Apud
629 1777 851 1869 ipsum
870 1796 1145 1867 quoque
1160 1798 1195 1839 >1
1224 1825 1243 1859 ‚
1268 1776 1494 1869 inquit
1509 1779 1793 1865 Seneca,
1827 1806 1860 1844 «
1884 1780 2289 1851 Ciceronem

126 1894 442 1963 invenies
470 1894 675 1960 etiam
710 1893 785 1957 in
821 1912 1023 1982 prosa
1061 1891 1370 1959 oratione
1401 1892 1710 1983 quaedam
1734 1944 1757 1979 ,
1791 1918 1873 1963 ex
1900 1896 2152 1988 quibus
2180 1898 2295 1966 in-

126 2010 399 2104 telligas
416 2008 608 2077 illum
630 2030 771 2075 non
794 2002 1179 2100 perdidisse
1198 2027 1504 2100 operam,
1522 2007 1709 2101 quod
1726 2010 2024 2081 Ennium
2044 2011 2284 2105 legit.»

126 2126 335 2195 Ponit
386 2120 636 2191 deinde
671 2144 825 2213 quae
870 2115 1055 2213 apud
1098 2120 1503 2188 Ciceronem
1547 2106 2053 2215 reprehendat,
2099 2127 2296 2218 quasi

128 2243 450 2312 Enniana
474 2290 493 2324 ,
535 2238 719 2331 quod
754 2239 853 2306 ita
901 2239 1254 2332 scripserit
1292 2234 1371 2305 in
1409 2214 1732 2306 libris³de
1772 2240 2126 2333 republica
2151 2293 2172 2328 ,
2211 2261 2292 2312 ut

139 2386 171 2424 τι
194 2347 515 2426 Menelao
550 2356 805 2424 Laconi
836 2354 967 2422 fuit
999 2353 1482 2446 suaviloquens
1501 2346 1898 2448 jucunditas
1923 2380 1987 2443 υς
2015 2372 2085 2425 et
2107 2359 2295 2451 quod

56 2472 67 2481 ’
130 2475 268 2544 alio
301 2475 378 2542 in
406 2473 552 2542 loco
570 2471 815 2540 dixerit
843 2521 864 2556 ,
908 2497 941 2536 «
967 2469 1585 2562 breviloquentiam
1614 2473 1689 2539 in
1718 2470 2013 2541 dicendo
2031 2476 2280 2545 colat.»

132 2587 407 2661 Deinde
428 2640 453 2676 ‚
512 2616 547 2654 «
576 2591 729 2657 Non
760 2588 891 2656 fuit
932 2613 967 2652 »
996 2638 1015 2672 ‚
1066 2589 1294 2680 inquit
1334 2588 1594 2657 Seneca
1617 2635 1638 2673 ‚
1700 2615 1733 2655 «
1758 2589 2112 2660 Ciceronis
2163 2591 2298 2661 hoc

29 2713 33 2718 ’
135 2710 413 2790 vitium,
438 2706 560 2774 sed
578 2706 940 2799 temporis3
965 2712 1241 2773 necesse
1265 2721 1415 2773 erat
1428 2701 1578 2774 haec
1605 2705 1786 2792 dici,
1819 2709 2028 2800 quum
2055 2706 2174 2776 illa
2205 2707 2300 2777 le-

136 2831 493 2921 gerentur.
514 2850 548 2889 n
570 2807 839 2893 Deinde
858 2821 1223 2908 adscribit,'
1234 2823 1641 2893 Ciceronem
1656 2823 1805 2893 haec
1831 2827 1980 2920 ipsa
2000 2827 2306 2923 interpo-

136 2945 354 3012 suisse
394 2938 484 3008 ad
530 2937 991 3032 effugiendam
1030 2937 1380 3007 infamiam
1417 2939 1925 3010 nimis'lascivae
1968 2945 2300 3012 orationis
2333 2965 2342 2974 ·

136 3072 206 3126 et
242 3055 508 3125 nitidae.
546 3055 649 3124 De
682 3051 981 3146 Virgilio
1017 3077 1293 3146 quoque
1341 3052 1584 3122 eodem
1618 3056 1690 3123 in
1723 3054 1873 3125 loco
1909 3055 2122 3150 verba
2148 3059 2296 3129 haec

137 3174 339 3267 ponit
372 3197 388 3238 ε
428 3197 463 3235 α
500 3168 840 3263 Virgilius
873 3192 1150 3262 quoque
1184 3183 1421 3238 noster
1449 3192 1587 3237 non
1624 3193 1707 3238 ex
1748 3169 1884 3239 alia
1921 3195 2122 3242 causa
2165 3173 2300 3244 du-

138 3313 251 3358 ros
282 3284 614 3380 'quosdam
649 3307 929 3366 versus,
972 3301 1041 3354 et
1072 3309 1386 3355 enormes
1410 3334 1431 3369 ‚
1465 3300 1536 3354 et
1569 3287 1832 3380 aliquid
1868 3291 2076 3384 supra
2108 3316 2300 3361 men-

140 3429 369 3475 suram
403 3403 752 3473 trahentes
784 3404 1232 3500 interposuit,
1265 3429 1474 3497 quam
1503 3420 1584 3473 ut
1614 3407 1969 3476 Ennianus
2008 3411 2300 3505 populus

142 3519 547 3617 agnosceret
573 3521 649 3588 in
677 3543 855 3590 novo
891 3521 1195 3590 carmine
1226 3522 1654 3613 antiquitatis
1689 3521 1978 3616 aliquid.
2023 3552 2056 3589 ³>

221 3665 415 3728 Addit
428 3685 552 3728 non
575 3662 769 3728 multo
793 3676 933 3748 post
960 3685 1035 3728 ex
1060 3661 1293 3730 Seneca
1320 3690 1337 3727 ε

252 3828 287 3865 ιι
340 3799 643 3893 Quidam
684 3814 842 3868 sunt
886 3815 1023 3867 tam
1064 3801 1294 3896 magni
1334 3821 1572 3872 sensus
1612 3801 1710 3898 Q.
1741 3805 1988 3889 Ennii,
2033 3821 2112 3874 ut
2145 3806 2305 3876 licet

149 3917 388 4012 scripti
416 3917 553 3986 sint
577 3919 758 3986 inter
783 3915 1091 3986 hircosos
1113 3967 1135 4002 ,
1166 3918 1433 4012 possint
1459 3936 1686 3994 tamen
1708 3922 1890 3990 inter
1911 3935 2312 4014 unguenta-

152 4049 255 4102 tos
286 4031 589 4127 placere.
630 4059 665 4096 n
702 4035 791 4100 Et
814 4057 1027 4124 quum
1050 4029 1610 4125 reprehendisset
1641 4057 1877 4103 versus
1903 4059 2074 4129 quos
2104 4058 2310 4130 supra
