2667 4475
376 306 507 394 442
916 273 923 284 ’
1156 299 1743 370 ExcERPTA

358 492 361 503 .
466 432 813 503 Mox-ieris.
842 432 977 502 Ista
1000 431 1298 501 hominis
1316 445 1562 500 natura
1587 445 1692 500 est
1707 479 1727 513 ,
1755 451 1896 500 non
1913 452 2140 523 poena.
2165 431 2522 502 Mor-ieris.

372 551 518 618 Hac
535 545 923 616 conditione
947 549 1199 617 intravi
1212 597 1237 633 ‚
1268 562 1350 616 ut
1375 547 1655 616 exirem.
1691 536 2038 614 Morieris.
2061 547 2394 616 Gentium
2413 547 2528 640 jus

370 679 502 752 est,
550 661 738 756 quod
760 664 1105 757 acceperis
1124 712 1145 748 ‚
1180 648 1499 736 reddere.
1535 663 1880 761 Morieris.
1909 663 2396 756 Peregrinatio
2429 677 2528 730 est

368 780 535 856 vita.
576 779 871 848 Multum
913 804 1125 872 quum
1160 778 1742 865 deambulaveris,
1778 777 2054 848 domum
2087 777 2526 850 redeundum

372 912 499 966 est.
552 896 895 965 Morieris.
945 897 1273 968 Putabam
1328 913 1398 966 te
1437 896 1707 989 aliquid
1745 897 1905 965 novi
1947 895 2220 982 dicere3
2261 894 2360 964 ad
2397 897 2528 966 hoc

370 1013 567 1094 veni,
608 1011 741 1082 hoc
774 1037 943 1108 ago,
986 1014 1125 1084 buc
1158 1037 1269 1084 me
1303 1013 1559 1107 singuli
1595 1011 1744 1080 dies
1777 1011 2156 1081 adducunt.
2197 1015 2526 1082 Nascenti

371 1127 541 1196 mihi
572 1143 815 1197 natura
841 1129 1153 1222 protinus
1183 1125 1374 1226 bunc
1398 1131 1628 1222 posuit
1653 1128 2044 1198 terminum.
2078 1125 2276 1222 Quid
2305 1129 2524 1198 habeo

370 1244 557 1337 quod
592 1245 960 1338 indigner?
990 1248 1073 1314 In
1108 1246 1257 1314 hec
1292 1245 1505 1316 verba
1536 1246 1792 1338 juravi.
1837 1245 2182 1314 Morieris.
2225 1245 2524 1314 Stultum

242 1367 249 1374 “
370 1377 474 1433 est
520 1363 760 1430 timere
782 1413 803 1447 ,
854 1361 1043 1456 quod
1090 1365 1307 1432 vitare
1351 1386 1492 1454 uon
1536 1363 1789 1455 possis3
1827 1361 2014 1432 istud
2047 1385 2190 1430 non
2225 1362 2478 1456 effugit
2495 1413 2520 1448 ,

370 1477 573 1548 etiam
608 1480 731 1571 qui
768 1477 1061 1548 distulit.
1094 1478 1442 1548 Morieris.
1489 1481 1636 1548 Nec
1673 1479 1982 1571 primus,
2022 1501 2154 1546 nec
2187 1477 2518 1562 ultimus3

370 1593 567 1662 multi
602 1618 712 1662 me
736 1610 1248 1666 antecesserunt
1264 1643 1287 1678 ,
1322 1617 1560 1664 omnes
1583 1611 1982 1686 sequentur.
2013 1594 2370 1664 Morieris.
2399 1596 2526 1662 Hic

370 1723 475 1775 est
514 1708 798 1775 humani
842 1707 1049 1776 officii
1086 1707 1269 1776 finis.
1319 1709 1499 1801 Quis
1540 1731 1743 1777 sanus
1779 1697 2202 1776 exauctorari
2239 1707 2524 1776 moleste

370 1823 579 1892 tulit?
619 1823 777 1917 Quo
827 1825 1073 1892 transit
1106 1824 1293 1893 orbis
1313 1874 1337 1910 ,
1380 1849 1509 1920 ego
1549 1825 1891 1912 transib03
1932 1824 2022 1893 ad
2065 1824 2250 1892 hanc
2281 1825 2524 1893 condi-

368 1942 619 2009 tionem
661 1955 911 2009 cuncta
945 1941 1348 2035 gignuntur.
1397 1941 1610 2034 Quod
1645 1943 1848 2034 ooepit
1867 1991 1888 2023 ‚
1926 1957 2000 2010 et
2045 1940 2330 2010 desinit.
2369 1945 2522 2010 Mo-

368 2057 595 2124 rieris.
623 2056 814 2124 Nihil
838 2057 1047 2150 grave
1068 2073 1173 2125 est
1190 2107 1212 2142 ,
1245 2057 1429 2149 quod
1451 2057 1658 2126 semel
1679 2073 1804 2126 est.
1836 2059 1954 2126 AEs
1973 2055 2276 2124 alienum
2301 2081 2524 2125 meum

370 2175 565 2262 novi3
603 2172 735 2243 hoc
773 2170 1053 2267 quidem
1088 2197 1244 2243 cum
1275 2198 1357 2243 eo
1391 2172 1732 2243 creditore
1768 2174 2072 2243 contraxi
2099 2222 2118 2256 ,
2161 2174 2278 2242 cui
2319 2171 2522 2243 deeo-

368 2317 585 2385 quere
616 2316 759 2363 non
794 2316 1091 2385 possum.
1135 2293 1478 2361 Morieris.
1528 2293 1644 2363 Dii
1691 2286 1966 2363 melius!
2005 2292 2226 2359 Nemo
2263 2290 2402 2362 hac
2449 2314 2522 2359 re

226 2417 236 2425 ”
360 2411 613 2481 melius
648 2410 1049 2483 mortalibus
1082 2411 1331 2479 minari
1371 2422 1619 2503 potest.

366 2581 373 2589 .
466 2528 605 2601 Sed
628 2526 1100 2602 decollaberis.
1134 2527 1329 2619 Quid
1353 2529 1640 2601 interest
1660 2576 1683 2612 ,
1721 2540 1952 2597 utrum
1981 2528 2211 2597 caesim
2239 2529 2518 2611 moriar,

366 2671 461 2717 an
482 2646 795 2738 punctim
820 2648 851 2713 i>
880 2644 1017 2714 Sed
1049 2666 1229 2738 saepe
1264 2644 1536 2717 {brien-ie
1549 2694 1574 2729 ,
1603 2622 1678 2713 et
1700 2643 1896 2711 multi
1917 2644 1998 2711 in
2023 2659 2094 2713 te
2121 2642 2340 2736 gladii
2361 2668 2522 2713 oon·-

358 2777 675 2831 current.
709 2760 902 2855 Quid
932 2760 1180 2847 refert,
1209 2786 1418 2852 quam
1453 2760 1664 2831 multa
1693 2761 1834 2828 sint
1859 2758 2196 2829 vulnera?
2227 2784 2372 2829 non
2401 2785 2524 2855 po-

370 2894 501 2953 test
532 2876 823 2970 emplius
846 2902 1063 2968 quam
1093 2901 1305 2945 unum
1347 2900 1496 2945 ease
1517 2877 1976 2947 mortiferum.

468 2996 767 3088 Peregre
796 2993 1137 3061 morieris.
1163 2990 1660 3084 Undecumque
1691 2990 1786 3063 ad
1809 2992 2064 3063 inferos
2086 3018 2232 3063 una
2253 2996 2374 3064 via
2397 3012 2520 3065 est.

368 3116 669 3207 Peregre
696 3112 1031 3182 morieris.
1060 3114 1204 3205 Ego
1230 3108 1420 3201 qued
1439 3108 1662 3179 debeo
1677 3159 1698 3194 ,
1725 3110 1998 3179 solvere
2023 3128 2306 3205 paratus
2339 3138 2520 3199 sum3

362 3229 601 3299 -videat
646 3230 1015 3301 -foeneratar
1036 3276 1056 3313 ,
1114 3226 1234 3297 uhi
1288 3250 1398 3295 me
1450 3226 1776 3319 appellet.
1829 3230 2130 3321 Peregre
2179 3231 2518 3299 morieris.

370 3345 573 3445 Nulla
606 3362 788 3415 tem
814 3362 919 3417 est
940 3345 1165 3415 aliena
1198 3358 1496 3413 mortuo.
1529 3346 1828 3436 Peregre
1863 3340 2208 3414 morieris.
2241 3349 2398 3415 Non
2422 3362 2526 3415 est

362 3462 650 3555 gravior
686 3462 851 3531 foris
888 3486 1087 3553 quam
1124 3460 1307 3529 domi
1335 3484 1636 3529 somnus.
1672 3464 1974 3556 Peregre
2003 3464 2348 3533 morieris.
2383 3468 2532 3533 Hoc

360 3592 475 3647 est
494 3626 515 3659 ,
556 3579 631 3647 in
664 3577 953 3670 patriam
986 3577 1133 3647 sine
1164 3578 1418 3647 viatico
1448 3572 1847 3669 pervenire.
2261 3560 2266 3567 ¹

468 3694 605 3767 Sed
636 3696 913 3789 juvenis
943 3696 1285 3764 morieris.
1326 3695 1852 3788 Optimum-est,
1895 3709 2264 3785 antequam
2301 3712 2528 3789 optes,

374 3816 575 3885 mori.
631 3814 913 3883 Juvenis
968 3815 1305 3883 morieris.
1367 3816 1516 3883 Hoc
1551 3836 1764 3881 unum
1801 3828 1946 3897 est,
1989 3811 2180 3904 quod
2213 3836 2410 3907 aeque
2441 3812 2530 3881 ad

368 3935 691 4027 juvenem
721 3956 923 4024 quam
949 3931 1038 3998 ad
1062 3954 1293 3999 senem
1320 3931 1644 4023 pertinet.
1679 3930 1830 3996 Non
1859 3928 2151 3997 citamur
2176 3954 2258 3997 ex
2284 3955 2524 4011 censu,

380 4070 509 4116 nec
541 4048 833 4140 exigitur
876 4070 1203 4115 numerus
1246 4058 1622 4129 annorum3
1666 4058 1734 4111 et
1769 4042 2230 4113 adolescentes
2277 4062 2348 4114 et
2392 4048 2532 4114 im-
