2667 4475
676 348 683 355 .
766 292 1305 361 EPISTOLA
1350 294 1641 364 cv111.
2153 322 2284 395 227

130 434 445 521 optimus,
489 425 639 497 dies
673 425 940 518 placeat
960 474 981 505 ,
1022 440 1092 492 et
1129 422 1490 518 redigatur
1531 427 1607 493 in
1651 440 1957 495 nostrum
1987 432 2038 497 ¹.
2077 428 2289 521 Quod

132 548 341 641 fugit,
384 542 853 637 occupandum
886 556 1015 611 est.
1048 542 1199 609 Hoc
1235 562 1374 609 non
1409 542 1666 635 cogitat
1695 542 1852 628 ille,
1891 544 2014 635 qui
2038 546 2290 614 Gram-

132 664 359 733 matici
376 651 591 732 'oculis
613 682 889 727 carmen
912 657 1097 726 istud
1118 658 1289 753 legit
1305 709 1329 744 ‚
1355 657 1513 726 ideo
1537 685 1572 725 «
1597 660 1926 751 optimum
1949 678 2292 755 quemque

132 782 431 874 primum
460 802 609 849 esse
644 774 831 845 diem
852 826 871 859 ,
911 802 945 839 ιι
981 777 1143 868 quia
1180 775 1476 845 subeunt
1501 775 1761 859 morbi,
1791 778 1952 869 quie
1978 796 2292 849 senectus

135 896 380 990 premit
396 945 417 977 ,
464 909 535 963 et
565 891 797 961 adhuc
820 890 1348 983 adolescentiam
1376 891 1830 983 cogitantibus
1855 918 2062 987 supra
2085 910 2294 988 caput

137 1025 233 1077 est
264 1035 287 1077 ι
319 1008 445 1078 sed
476 1008 611 1093 ait,
649 1006 1020 1100 Virgilium
1057 1023 1328 1098 semper
1361 1028 1502 1075 una
1546 1029 1806 1098 ponere
1844 1034 1878 1073 α
1909 1008 2184 1077 morbos
2223 1024 2296 1077 et

141 1143 579 1195 senectutem.
612 1150 647 1187 n
673 1126 827 1191 Non
844 1174 867 1207 ,
892 1120 1319 1192 mehercules
1335 1124 1721 1205 ,-immerito
1741 1153 1760 1209 3
1783 1142 2092 1193 senectus
2111 1126 2292 1194 enim

140 1244 531 1315 insanabilis
568 1242 849 1311 morbus
876 1257 1003 1337 est.
1040 1243 1419 1325 Praeterea,
1473 1242 1738 1334 inquit,
1782 1242 1917 1310 hoc
1957 1244 2292 1313 senectuti

141 1386 515 1457 cognomen
540 1362 799 1453 posuit,
836 1362 1091 1426 tristem
1118 1357 1305 1426 illam
1326 1375 1526 1427 vocat
1559 1385 1574 1424 :

472 1539 753 1557 .........
785 1500 1019 1556 subeunt
1040 1501 1235 1566 morbi,
1263 1501 1520 1573 tristisque
1540 1514 1785 1554 senectus.

228 1630 381 1697 Non
409 1642 511 1695 est
537 1624 726 1720 quod
747 1625 1022 1693 mireris
1042 1674 1061 1705 ,
1096 1648 1177 1690 ex
1205 1622 1444 1691 eadem
1474 1626 1758 1693 materia
1785 1618 1924 1692 suis
1952 1643 2296 1717 quemque

144 1744 375 1813 studiis
391 1746 553 1838 a‘pta
572 1743 924 1834 colligere.
951 1741 1034 1808 In
1058 1738 1297 1809 eodem
1324 1756 1518 1835 prato
1543 1741 1668 1810 bos
1697 1741 1981 1828 herbam
2009 1742 2289 1834 quaerit,

146 1866 323 1947 canis
355 1863 658 1956 leporem
680 1912 698 1943 ,
742 1860 1024 1927 ciconia·
1044 1858 1401 1928 lacertum.
1437 1859 1673 1952 Quum
1701 1861 2056 1929 Ciceronis
2083 1860 2298 1955 lib‘ros

147 1980 223 2045 de
240 1979 645 2071 Republica²
669 1975 949 2069 prendit
972 1974 1139 2043 hinc
1156 1975 1554 2071 Philologus
1573 1978 1852 2070 aliquis,
1883 1974 2050 2046 hinc
2065 1980 2300 2047 Gram-

146 2097 420 2165 maticus
440 2093 642 2175 ,hinc
667 2092 1131 2185 Philosophiae
1153 2092 1426 2162 deditus
1451 2124 1469 2180 3
1496 2094 1669 2163 alius
1681 2095 1823 2163 'alio
1849 2120 2082 2163 curam
2107 2119 2296 2163 suam

149 2213 367 2281 mittit.
389 2209 849 2304 Philosophus
870 2207 1275 2292 admiratur,
1308 2238 1343 2275 «
1368 2224 1606 2280 contra
1624 2212 1662 2280 J
1667 2213 1962 2280 ustitiam
1993 2210 2130 2280 dici
2157 2227 2294 2280 tam

149 2329 348 2398 multa
382 2355 416 2394 »
454 2328 782 2422 potuisse.
816 2327 1053 2420 Quum
1078 2324 1169 2394 ad
1195 2327 1377 2396 hanc
1405 2326 1710 2404 eamdem
1739 2327 2104 2397 lectionem
2131 2325 2298 2398 Phi-

150 2445 401 2539 lologus
432 2446 761 2527 accessit,
813 2445 947 2512 hoc
984 2442 1306 2511 subnotat
1350 2470 1365 2509 ε
1421 2470 1452 2507 ι(
1495 2445 1684 2512 Duos
1720 2445 2059 2511 Romanos
2098 2467 2296 2536 reges

152 2583 283 2630 esse
305 2614 323 2645 ,
370 2584 665 2654 quorum
698 2557 874 2627 alter
906 2573 1169 2652 patrem
1207 2581 1350 2625 non
1383 2557 1624 2645 habet,
1665 2557 1840 2626 alter
1875 2574 2160 2643 matrem
2199 2585 2213 2625 :
2256 2585 2289 2622 η

152 2701 294 2745 nam
327 2677 415 2746 de
446 2677 672 2745 Servii
698 2691 914 2743 matre
938 2673 1329 2760 dubitatum
1372 2676 1546 2743 Anci
1577 2690 1773 2768 pater
1801 2673 2031 2742 nullus
2055 2669 2122 2764 ³3
2154 2678 2304 2744 Nu·-

152 2896 274 2969 poris
291 2896 601 2950 celeritatem
622 2934 637 2961 ,
657 2913 815 2964 quum
848 2892 950 2964 jam
972 2905 1169 2967 tempus
1264 2895 1480 2962 puble'ca
1510 2915 1567 2962 ex
1593 2894 1794 2972 Erasini
1825 2893 2040 2968 conject.
2074 2889 2300 2968 adjecto,

154 2971 367 3048 elapsnm‘
384 2973 566 3036 fuerit,
584 2984 632 3024 et
652 2991 745 3024 nos
759 2971 1025 3042 reliquerit
1040 2993 1172 3024 cun-

154 3063 357 3121 ctantes,
400 3065 453 3106 et
478 3053 659 3104 frustra
691 3051 991 3123 praeteritam
1016 3051 1171 3103 vitam

156 3125 505 3183 desiderantes.

220 3227 259 3257 ι.
277 3207 580 3276 Rede'galur
600 3210 656 3258 in
678 3217 932 3259 nostrum.
950 3207 1173 3280 Usurpe-

157 3301 258 3335 mus
288 3298 336 3336 et
362 3287 613 3338 fruamur.
644 3285 769 3338 Dies
794 3285 930 3336 enim
955 3284 1025 3337 itu
1045 3283 1179 3338 fiunt

158 3361 305 3413 nostri
342 3363 515 3434 (poeta
553 3374 696 3414 vetus
724 3381 737 3415 ε
769 3361 851 3414 hic
883 3383 1030 3416 meus
1072 3375 1176 3428 est,

157 3441 359 3506 dia-ere,
380 3443 513 3500 dies)
534 3461 549 3505 ς
567 3441 723 3494 alieni
739 3455 789 3493 et
805 3441 938 3494 nibil
960 3441 1026 3494 ad
1048 3463 1171 3512 nos,

159 3519 241 3587 qui
267 3519 553 3573 elabuntur.
577 3521 726 3586 lips.

220 3617 262 3648 α.
298 3601 553 3652 Ciceronis
590 3599 753 3650 libros
787 3600 854 3651 de
888 3599 1175 3668 Republica

158 3679 369 3742 prendit.
402 3676 493 3728 Sic
526 3675 637 3730 edd.
668 3675 788 3727 inde
812 3696 841 3729 a
862 3677 1000 3730 Mur.
1026 3681 1179 3732 Cice-

165 3757 293 3808 rom's
315 3756 513 3808 librum
541 3755 843 3822 deprendit,
871 3775 964 3806 ms.
993 3776 1045 3807 a.
1076 3758 1179 3809 Cic.

165 3833 341 3885 libmm
366 3833 700 3905 deprehendit
728 3833 809 3886 ed.
844 3835 913 3886 R.
949 3831 1179 3886 Absurde

165 3927 353 3979 prorsus
371 3913 627 3965 Ciceronis
642 3911 812 3963 cibum
829 3911 1177 3981 deprehendit,

166 4005 203 4036 c.
222 3989 292 4040 Α.
315 3989 417 4042 Cic.
437 3989 633 4042 librum
653 3990 719 4041 de
740 3989 1031 4059 RepublIca
1050 4011 1181 4058 pre-

168 4061 357 4132 hender,
386 4067 469 4120 ed.
486 4067 574 4120 Er.
595 4085 776 4138 nempe
796 4065 1045 4120 vocabulo
1068 4067 1183 4120 Re·-

1270 2985 1404 3027 recte
1429 2993 1567 3027 vero.
1586 2963 1739 3026 Conf.
1763 2993 1809 3045 p.
1842 2974 1952 3037 14¹,
1980 2973 2012 3025 3
2037 2993 2110 3044 sq.
2133 2975 2222 3026 ubi
2247 2974 2300 3026 in

1271 3069 1367 3102 ms.
1401 3071 1456 3102 a.
1496 3069 1587 3124 pro
1629 3053 1695 3102 de
1726 3049 2018 3115 RepublIca
2055 3071 2302 3125 compen-

2347 1277 2410 1329 29

2351 2224 2417 2282 3ο

1274 3127 1415 3180 diose
1441 3126 1514 3180 sic
1537 3127 1770 3181 scribitur
1783 3129 1848 3180 de
1863 3149 1928 3180 re.
1944 3149 1997 3198 p.
2022 3151 2080 3182 ex
2103 3151 2202 3202 quo
2223 3152 2304 3184 er-
2409 3143 2416 3152 '

1273 3207 1402 3259 roris
1423 3207 1570 3280 origo
1590 3206 1641 3258 h.
1663 3205 1698 3258 l.
1722 3208 1929 3260 admissi
1948 3209 2064 3262 satis
2086 3224 2304 3284 apparet.

1275 3283 1440 3338 Schw.
1459 3313 1524 3326 ——
1545 3285 1806 3338 Ciceronis
1829 3287 1988 3342 libros
2010 3291 2076 3341 de
2097 3289 2306 3356 Repub-

1274 3362 1507 3436 periisse,
1535 3375 1712 3434 praeter
1743 3367 2084 3436 fragmentum
2115 3389 2142 3419 e
2171 3368 2304 3421 libro

1274 3441 1371 3503 Vl,
1397 3441 1670 3495 Somnium
1689 3442 1970 3516 Scipionis,
1993 3465 2022 3496 a
2040 3445 2302 3499 Macrobio

1274 3531 1626 3576 conservatum
1651 3534 1699 3575 et
1725 3521 2031 3576 illustratum
2063 3527 2083 3590 (
2105 3539 2152 3577 et
2176 3546 2306 3578 non-

1276 3601 1420 3652 nulla
1443 3620 1602 3672 nuper
1627 3620 1654 3651 a
1676 3601 1817 3653 Maio
1847 3607 2096 3674 reperta),
2122 3614 2306 3658 notum

1276 3690 1364 3730 est.
1394 3678 1524 3746 Quae
1551 3677 1636 3730 hic
1664 3679 1987 3752 philologum
2014 3694 2212 3734 notasse
2237 3681 2311 3734 ait

1274 3757 1491 3821 Noster,
1521 3777 1578 3808 ea
1607 3756 1786 3810 Cicero
1805 3759 2008 3813 Tuscul.
2030 3762 2127 3829 Qu.
2155 3761 2251 3824 1V,
2284 3779 2304 3811 ι

1275 3855 1480 3906 quoque
1506 3848 1754 3890 memorat
1785 3853 1798 3888 :
1833 3839 1895 3888 cs.
1919 3836 2206 3890 Middleton
2235 3855 2309 3894 ,on

1277 3911 1360 3965 the
1381 3932 1567 3965 roman
1586 3925 1762 3966 senate
1780 3915 1798 3978 (
1813 3913 1934 3966 Vol.
1961 3915 2034 3966 Ill
2052 3952 2068 3980 ,
2095 3935 2144 3987 p.
2175 3914 2274 3984 396
2289 3954 2306 3980 ,

1278 3989 1684 4046 Miscellaneam
1716 3991 1969 4060 Worlts).

1349 4067 1395 4120 3.
1429 4071 1570 4134 Anci
1598 4079 1751 4137 pater
1783 4071 1976 4121 nullus.
1995 4069 2130 4138 Quia
2164 4069 2312 4122 samm
