2667 4475
805 246 1343 325 EPISTOLA
1392 256 1639 323 XCII.
2203 266 2289 331 63

137 396 206 460 in
233 391 511 461 summis
532 386 920 473 doloribus,
955 389 1028 458 iu
1055 389 1334 457 summis
1355 388 1851 459 calamitatibus
1870 438 1891 472 ‚
1918 391 2289 484 sapientem

137 533 261 578 nec
291 509 620 579 miserum
670 505 972 573 futurum
993 554 1011 587 ,
1057 526 1185 573 nec
1228 504 1527 577 beatum.
1580 504 1793 598 Atqui
1842 507 1976 577 hoc
2019 532 2294 603 quoque

149 623 562 694 incredibile
621 638 722 691 est
761 672 781 707 ,
835 624 972 691 imo
1025 620 1526 693 incredibilius.
1590 626 1741 693 Non
1806 624 2003 693 video
2056 627 2239 695 enim
2266 676 2289 711 ‚
2346 629 2447 695 25'

148 740 488 836 quomodo
533 763 674 807 non
729 741 803 807 in
845 738 1156 809 infimum
1189 754 1433 832 agatur
1471 763 1510 807 e
1548 740 1818 834 fastigio
1861 763 1985 815 suo
2030 741 2295 836 dejecte

145 862 383 928 virtus.
433 858 571 925 Aut
601 856 876 925 beatum
915 868 1236 947 praestare
1270 854 1523 942 debet;
1560 870 1681 925 aut
1704 844 1728 937 ‚¹
1776 858 1835 924 si
1872 856 1964 925 ab
2001 857 2136 927 hoc
2170 858 2296 927 de-

141 974 340 1067 pulsa
364 990 467 1043 est
482 1024 505 1059 ‚
541 997 679 1041 non
708 970 1103 1065 prohibebit
1131 972 1282 1040 fieri
1303 974 1653 1041 miserum.
1688 974 1885 1042 Stans
1912 996 2051 1041 non
2078 989 2299 1067 potest

143 1090 316 1157 mitti
341 1094 357 1124 ¹
388 1121 405 1157 ;
429 1104 549 1157 aut
573 1089 888 1155 vincatur
911 1102 1203 1181 oportet,
1233 1104 1350 1156 aut
1375 1090 1773 1157 vincat.—«
1792 1088 1969 1173 Diis,
1998 1092 2023 1121 ²
2042 1089 2293 1181 inquit,

146 1204 639 1274 immortalibus
673 1204 833 1273 solis
861 1220 932 1272 et
956 1205 1212 1286 virtus,
1243 1222 1314 1272 et
1341 1203 1538 1276 beata
1574 1206 1711 1274 vita
1742 1208 2070 1299 contigit3
2103 1207 2301 1275 nobis

145 1322 386 1391 umbra
420 1320 730 1413 quaedam
766 1320 1042 1397 illorum
1075 1321 1413 1389 bonorum
1446 1338 1514 1389 et
1551 1321 1922 1390 similitudo
1960 1350 1977 1390 ε
2020 1324 2303 1393 accedi-

147 1462 294 1507 mus
328 1438 418 1506 ad
454 1436 574 1505 illa
598 1486 618 1519 ‚
650 1461 786 1504 non
810 1437 1271 1531 pervenimus.
1303 1464 1334 1499 >³
1362 1438 1675 1505 ——Ratio
1708 1461 1875 1505 vero
1902 1438 2051 1507 Diis
2076 1440 2301 1507 homi-

145 1550 487 1648 nibusque
516 1554 892 1621 communis
921 1568 1024 1620 est
1057 1578 1075 1617 t
1107 1552 1256 1620 haec
1286 1553 1361 1620 in
1396 1551 1533 1621 illis
1564 1568 2026 1622 consummata
2054 1570 2194 1640 est,
2230 1556 2302 1624 in

144 1674 344 1743 nobis
370 1669 945 1741 consummabilis.
981 1668 1118 1739 Sed
1141 1667 1232 1737 ad
1258 1668 1805 1765 desperationem
1833 1694 1959 1739 nos
1992 1672 2157 1740 vitia
2187 1697 2305 1741 no·
2327 1664 2333 1673 ’
2354 1687 2416 1740 26

147 1807 284 1858 stra
331 1786 746 1883 perducunt.
790 1788 961 1854 Nam
1013 1785 1130 1853 ille
1175 1786 1354 1855 alter
1391 1787 1731 1859 secundus
1773 1782 1912 1857 esf-‘⁶
1944 1803 2021 1856 ut
2056 1790 2305 1883 aliquis

144 1932 392 2002 parum
424 1920 740 1975 constans
773 1903 864 1972 ad
893 1903 1344 1973 custodienda
1380 1906 1634 1998 optima
1662 1956 1685 1989 ‚
1733 1906 1929 1999 cujus
1965 1904 2303 2000 judicium

145 2023 334 2093 labat
367 2024 759 2091 etiamnunc
809 2036 879 2088 et
930 2020 1267 2087 incertum
1316 2037 1443 2089 est.
1504 2016 1904 2093 Desidet-aff
1954 2025 2303 2093 oculorum

147 2159 357 2238 atque
392 2140 665 2209 aurium
691 2160 966 2207 sensum
990 2186 1011 2219 ‚
1047 2136 1293 2206 bonam
1340 2138 1797 2213 valetudinem
1816 2134 1869 2223 ⁵,
1908 2158 1977 2209 et
2005 2165 2148 2209 non
2174 2142 2302 2211 soe-

148 2258 318 2326 dum'
348 2270 696 2350 aspectum
724 2255 1032 2346 corporis
1051 2303 1070 2335 ,
1107 2270 1176 2322 et
1203 2255 1446 2324 habitu
1473 2274 1860 2326 manentem
1892 2282 2013 2326 suo
2032 2309 2050 2340 ‚
2085 2258 2304 2326 aetatis

149 2392 484 2471 praeterea
502 2375 778 2468 longius
797 2371 1094 2466 spatium
1109 2362 1165 2459 ⁶3
1182 2395 1308 2465 per
1324 2373 1507 2441 hanc
1517 2389 1741 2466 potest
1757 2398 1895 2442 non
1913 2375 2303 2466 poenitenda
2354 2409 2415 2460 ²7

147 2492 460 2585 agitare?
493 2487 902 2582 Imperfecto
927 2488 1077 2556 viro
1111 2487 1276 2556 huic
1304 2489 1581 2557 malitiae
1608 2491 1713 2556 vis
1751 2489 2055 2582 quaedam
2086 2493 2296 2558 inest:

151 2708 330 2761 vesica
347 2717 404 2759 et
424 2704 693 2766 viscerum,
712 2714 769 2754 nt
783 2700 914 2754 nihil
929 2701 994 2754 ad
1005 2717 1196 2754 eorum*
1288 2721 1330 2753 1.
1369 2716 1513 2769 nvn,
1541 2725 1587 2756 ιι.
1609 2717 1759 2770 wa,
1779 2705 1847 2774 47
1867 2706 1884 2771 )
1906 2726 1922 2768 ς
1950 2704 2123 2770 illum,
2150 2725 2306 2776 quem

307 2781 562 2837 itudinem
573 2778 726 2853 possit
735 2780 971 2834 accedere
985 2778 1182 2832 ete-R.
1281 2793 1330 2833 et
1348 2780 1629 2854 sapientem
1656 2793 1708 2833 et
1726 2781 1923 2836 bonum
1942 2794 2090 2834 vocat
2102 2821 2117 2850 ,
2134 2783 2225 2853 qui
2242 2785 2305 2836 ed

219 2885 261 2916 ι.
279 2862 452 2916 Stans
477 2859 607 2925 (scil.
647 2858 702 2910 in
722 2857 870 2924 acie.)
891 2865 1184 2920 campumt
1278 2879 1539 2914 summum
1574 2860 1795 2934 gradum
1836 2861 2037 2921 virtutis
2082 2881 2141 2915 ec
2187 2863 2305 2914 vite

147 2945 302 2996 miui.
333 2939 425 2993 Sic
451 2951 584 2992 recte
607 2955 704 2988 ms.
729 2957 781 2988 a.
809 2946 858 2988 et
880 2933 1040 3007 Lipsii
1069 2934 1182 2988 cod-
1278 2941 1438 2994 beate
1455 2938 1684 3010 pervenit
1699 2960 1715 3004 ς
1730 2938 2062 3011 hunc‚quem
2074 2952 2219 2992 vocat
2231 2959 2309 2993 se-

147 3025 330 3090 lnepte
353 3018 539 3092 vulgo,
562 3023 848 3082 nonpotest
862 3018 1006 3068 vince·
1018 3052 1035 3076 .
1060 3033 1180 3067 cum
1275 3019 1505 3072 cundum
1520 3059 1536 3083 ,
1562 3017 1653 3087 qni
1676 3016 1893 3070 multum
1916 3016 2129 3091 profecit
2146 3055 2161 3084 ,
2195 3037 2306 3071 nee-

147 3125 186 3156 c,
209 3103 282 3156 R.
303 3103 382 3154 Α.
404 3097 564 3152 Scbw.
579 3123 648 3138 -··
663 3097 760 3148 Int.
781 3113 794 3148 ε
819 3094 910 3165 qui
931 3093 988 3146 in
1007 3092 1179 3166 prelio
1278 3095 1404 3149 dum
1439 3108 1610 3149 tamen
1638 3095 1833 3168 apicem
1869 3106 2163 3148 consecutus
2196 3109 2299 3160 est,

151 3193 332 3236 centn
353 3176 577 3230 bostium
593 3171 946 3227 lacessentium
970 3171 1180 3224 assultus
1279 3171 1514 3226 nondum
1545 3171 1811 3224 veritatem
1845 3171 2116 3245 perspexit,
2154 3184 2305 3243 etque

149 3261 312 3323 stetit,
339 3275 450 3310 non
471 3265 630 3329 potest
655 3252 842 3306 dimitti
865 3271 894 3304 a
921 3249 1098 3325 praelio
1131 3262 1183 3302 et
1280 3263 1628 3322 contemptum
1691 3263 2014 3303 externorum
2070 3249 2306 3304 nondum

148 3337 380 3410 relinqui
396 3337 460 3389 ab
477 3331 834 3388 assultantibus
852 3349 866 3386 ε
881 3342 1076 3406 oportet
1096 3343 1184 3384 aut
1280 3327 1465 3382 induit.
1492 3327 1714 3382 Gmnov.

147 3419 299 3472 illum
323 3413 476 3487 dejici
491 3451 505 3475 ‚
535 3424 620 3464 aut
643 3411 706 3464 ab
733 3429 794 3463 eo
813 3408 1000 3462 hoste‘s.
1348 3407 1696 3473 4.Desidemt.
1718 3406 1805 3460 Sic
1818 3405 1991 3479 vulgo.
2008 3404 2305 3480 Schweigb.
2368 3473 2391 3486 ἣ

210 3487 774 3558 2.Ds‘is‚ae⁰nquit.A⁴cad.
785 3481 1186 3554 etPeripatet.R.
1285 3485 1371 3540 «ht
1389 3487 1647 3540 desideret
1658 3523 1674 3547 ,
1703 3505 1763 3537 ex
1784 3484 1887 3537 suis
1906 3502 2025 3536 mas.

215 3572 266 3626 3.
291 3569 570 3624 secundm
603 3576 682 3619 est
708 3576 768 3618 ut
797 3563 866 3630 (i.
895 3563 1060 3628 sicut)
1089 3573 1184 3614 ete.
1345 3569 1393 3618 5.
1420 3565 1653 3616 Aurium
1673 3581 1911 3623 sensum,
1934 3564 2129 3615 bonam
2148 3566 2307 3616 vale-

151 3651 432 3722 Perpenm
445 3645 692 3704 omissum
707 3643 919 3698 verbum
933 3649 1011 3695 est
1028 3640 1084 3692 in
1101 3639 1181 3694 ed.
1281 3641 1529 3700 tudinem.
1556 3639 1643 3692 Sic
1670 3638 1826 3713 vulgo
1848 3639 1973 3692 olim
1988 3676 2003 3705 ,
2028 3659 2147 3692 cum
2180 3661 2232 3692 a.
2262 3661 2307 3692 c.

149 3729 292 3781 Mur.
325 3738 378 3778 et
397 3743 538 3795 seqq.
558 3720 696 3776 S.—
709 3720 817 3775 Ille
837 3722 977 3772 alter
993 3736 1186 3771 secun—
1280 3718 1355 3769 R.
1385 3720 1458 3770 A.
1493 3719 1727 3773 Aun‘aeam
1756 3732 2155 3788 cataroe-umque
2180 3738 2310 3772 sen-

151 3808 280 3871 dus,
304 3805 340 3857 i.
355 3823 400 3854 e.
421 3800 509 3854 ille
527 3799 758 3852 nondum
774 3799 1022 3869 perfectus
1037 3796 1095 3847 in
1107 3813 1186 3848 sa·
1282 3818 1439 3853 suum
1456 3801 1651 3852 bonam
1669 3801 2019 3852 valitudinem
2038 3799 2118 3851 ed.
2134 3797 2309 3851 Ruhk.

151 3883 362 3954 pientia.
383 3879 528 3934 Solet
547 3876 734 3951 passim
754 3875 1064 3948 distinguere
1089 3873 1184 3926 Se·
1285 3896 1400 3930 cum
1422 3875 1533 3930 Pal.
1557 3895 1661 3930 sec.
1686 3877 1803 3930 col.
1828 3889 1878 3930 et
1900 3895 1995 3930 ms.
2019 3875 2181 3930 Gron.
2202 3875 2259 3927 S.

149 3981 278 4016 neca
309 3961 484 4014 virum
519 3957 794 4029 perfectum
832 3975 860 4008 ι
898 3952 1148 4008 tolerabili
1168 3993 1184 4014 ‚
1348 3953 1695 4023 G.Spau'u1n...
1710 3957 1946 4024 agilam?
1963 3954 2185 4026 Impeffi
2202 3953 2309 4006 Nos

148 4056 196 4094 et
213 4042 534 4114 imperfecto,
561 4048 610 4090 et
629 4033 910 4109 proficienti
929 4033 1045 4106 (Ep.
1062 4049 1154 4086 xvi
1173 4071 1188 4100 ,
1287 4031 1695 4102 interrogationis
1725 4045 1966 4105 punctum
2020 4031 2083 4084 de
2136 4043 2307 4083 nostro
