2667 4475
686 614 1128 720 JUSTI
1202 611 1688 717 LIPSII

247 828 2133 1085 PHYSIOLOGIAE

827 1274 1561 1364 STOICORUM

933 1524 1108 1595 ιιιει(
1142 1552 1455 1601 εεεωωυε.
1564 1596 1571 1601 ,

1099 1626 1154 1693 Χ

693 2147 1326 2219 D‘ISSERTATIO
1387 2156 1715 2218 PRIMA.

117 2327 518 2410 Anteloqm‘um
537 2349 564 2400 ,·
600 2329 670 2388 de
721 2327 910 2388 Morte
966 2328 1186 2408 aliquid
1201 2373 1216 2396 ,
1271 2337 1330 2386 et
1380 2347 1506 2386 eam
1550 2326 1937 2404 cogitationem
1976 2326 2164 2384 utilem
2206 2327 2289 2386 ad

781 2434 952 2492 vitam
982 2443 1040 2492 et
1070 2433 1242 2494 robur
1271 2433 1457 2491 animi
1480 2453 1619 2492 esse.

212 2620 366 2680 Auo.
412 2616 506 2677 Ah
525 2660 544 2693 ,
585 2637 760 2698 quam
787 2617 967 2676 oeulis
997 2629 1056 2678 et
1082 2618 1274 2676 animo
1301 2617 1511 2698 volupe
1542 2631 1629 2678 est
1644 2661 1661 2692 ,
1694 2616 1989 2678 meliorem
2018 2639 2285 2680 eommo-

122 2723 461 2808 ‹lioremque
497 2737 558 2784 te
597 2721 832 2785 videre!
881 2723 1036 2785 L1rs.
1082 2724 1280 2784 Paullo
1323 2725 1559 2807 quidem
1581 2769 1598 2800 ,
1628 2725 1841 2786 licebat
1870 2724 2104 2786 addere.
2138 2726 2285 2787 Nam

122 2857 206 2895 ne
234 2855 388 2896 erres
409 2877 426 2908 ‚
471 2835 654 2894 amice
676 2876 696 2908 ‚
743 2835 849 2894 etsi
873 2833 1124 2894 ’morbus
1165 2835 1337 2908 abiit,
1370 2833 1616 2917 languor
1643 2835 1814 2894 etiam
1844 2833 2049 2909 habet,
2084 2847 2142 2895 et
2175 2857 2285 2895 va-

125 2962 299 3000 cuum
320 2939 489 3000 valde
515 2941 726 3000 virium
753 2959 850 3000 me
873 2940 1129 3020 reliquit.
1164 2939 1316 3000 Auo.
1351 2939 1511 3000 Deus
1538 2939 1743 3000 reddet
1760 2983 1776 3014 ,
1808 2961 1939 2999 meo
1968 2953 2024 2999 et
2052 2939 2285 3022 publico

125 3057 260 3106 voto
283 3069 301 3105 ε
326 3045 431 3107 sed
450 3046 684 3128 quando
710 3058 774 3105 tu
801 3047 966 3106 nobis
993 3046 1215 3127 reliqua
1245 3067 1571 3106 sermonum
1595 3089 1612 3120 ‚
1645 3067 1789 3126 quos
1807 3046 2060 3126 jucunde
2084 3058 2141 3105 et
2166 3048 2287 3106 uti-

125 3152 262 3213 liter
306 3152 683 3214 serebamus?
726 3152 882 3213 ers.
929 3153 1202 3214 Frontem
1247 3151 1422 3212 etiam
1460 3152 1680 3212 habes?
1712 3165 1769 3212 et
1800 3164 1859 3212 te
1890 3151 2183 3212 hominem
2212 3154 2288 3214 ad

127 3259 385 3320 laborem
431 3260 642 3321 ducere
664 3304 683 3335 ,
737 3261 828 3320 oui
874 3264 1073 3320 severa
1122 3259 1389 3342 quamvis
1438 3271 1622 3318 castra
1671 3258 1811 3330 dent
1850 3271 2229 3320 commeatum
2260 3260 2287 3318 ’.θ

130 3365 348 3427 Laxem
377 3363 666 3442 ⁸animum,
689 3368 840 3427 vires
863 3368 1174 3427 instaurem
1191 3411 1208 3440 ,
1241 3367 1290 3425 si
1319 3366 1447 3425 Deo
1470 3366 1658 3425 visum
1687 3389 1705 3425 ε
1734 3377 1791 3425 et
1818 3377 1944 3425 tum
1963 3365 2105 3425 ludo
2126 3365 2281 3442 huic,

131 3495 248 3551 non
275 3473 414 3534 ludo
434 3516 452 3548 ‚
499 3495 592 3534 me
635 3473 888 3534 include.
937 3473 1106 3534 Nune
1139 3473 1376 3554 quidem
1424 3472 1547 3532 aliae
1586 3472 1730 3532 mihi
1759 3473 1883 3532 istis
1906 3475 2289 3556 ucogitationes

131 3561 268 3640 suns
282 3623 300 3654 ,
333 3591 432 3638 aut
457 3599 625 3640 curae.
659 3579 809 3640 Auo.
843 3579 992 3655 Quae
1011 3579 1164 3640 illae?
1192 3577 1352 3639 Lus.
1386 3577 1734 3653 MortualeS,
1766 3592 1832 3639 ut
1861 3579 2037 3640 verbo
2066 3593 2124 3641 te
2148 3603 2288 3662 per-

53 3685 55 3688 ‘
131 3685 340 3745 cutiam
365 3727 384 3760 ‚
415 3705 606 3766 neque
631 3706 786 3744 nune
813 3683 1015 3744 videor
1043 3685 1186 3746 mihi
1219 3685 1375 3745 hona
1402 3684 1521 3744 fide
1547 3684 1621 3744 ab
1644 3683 1780 3744 Orci
1800 3685 2001 3745 limine
2023 3685 2281 3746 rediisse.

131 3793 281 3852 Am).
336 3789 475 3850 Haee
523 3803 656 3851 sunt
676 3833 693 3864 ,
751 3812 784 3849 a
830 3790 1038 3870 quibus
1081 3791 1395 3851 abductum
1438 3793 1614 3874 igitur
1642 3804 1703 3852 te
1732 3793 1877 3852 imus
1908 3816 1926 3852 ε
1958 3792 2169 3874 pabula
2201 3793 2286 3852 tui

131 3896 316 3958 morbi
341 3940 360 3972 ,
402 3909 535 3958 atrae
577 3895 730 3956 illius
771 3895 904 3955 bilis
941 3897 1198 3978 germina
1230 3911 1287 3957 et
1319 3895 1513 3957 foetus.
1548 3897 1705 3957 Pone
1733 3899 1843 3957 ista
1875 3898 1947 3957 de
1975 3909 2158 3957 morte
2189 3910 2290 3958 aut

131 4004 332 4064 morbo
361 4003 531 4079 etium
551 4047 568 4079 ,
602 4015 660 4062 et
683 4004 799 4082 jam
829 4002 1006 4062 vales.
1041 4001 1196 4062 Lus.
1231 4001 1397 4062 Tune
1428 4003 1569 4062 dicis
1604 4026 1622 4061 a
1657 4001 2079 4082 Philosophiam
2108 4003 2287 4086 igitur

133 4131 350 4194 ponere
397 4131 492 4171 me
529 4107 692 4188 jubes
711 4149 733 4184 ,
781 4131 954 4191 quam
999 4115 1206 4190 nuper'
1229 4108 1643 4168 definiebamus
1664 4151 1680 4182 ,
1726 4107 2140 4170 meditationem
2168 4131 2289 4171 esse
