2667 4475
742 350 1268 433 EPISTOLA
1316 352 1601 421 CXXI.

114 484 385 578 posuit,
430 482 787 552 celerrime
823 482 1099 551 denotat
1117 532 1141 567 ,
1172 496 1243 551 et
1279 482 1460 549 inter
1490 504 1712 550 ceram
1745 503 2054 575 opusque
2082 480 2262 549 facili

110 601 307 669 vultu
330 624 415 669 ac
448 622 653 669 manu
688 613 1042 668 commeat.
1090 600 1202 667 Sic
1234 596 1484 667 animal
1519 599 1590 666 in
1628 614 1894 666 omnem
1929 620 2123 667 usum
2157 600 2263 666 sui

115 717 393 787 mobile.
422 717 665 785 Mirari
692 714 985 785 solemus
1014 713 1302 784 saltandi
1330 716 1588 809 peritos
1605 720 1656 801 ¹,
1683 713 1870 808 quod
1893 716 1968 784 in
1993 740 2264 785 omnem

116 834 685 926 significationem
731 856 963 901 rerum
1012 846 1083 900 et
1130 831 1535 900 affectuum²
1571 846 1807 924 parata
1845 831 2116 899 illorum
2163 846 2267 899 est

113 974 352 1019 manus
374 999 395 1034 ,
426 964 496 1018 ct
522 949 885 1018 verborum
910 948 1336 1017 velocitatem
1361 966 1589 1041 gestus
1609 950 2018 1041 assequitur.
2053 944 2266 1040 Quod

110 1064 249 1134 illis
280 1089 393 1134 ars
438 1080 757 1159 praestat,
798 1065 911 1135 his
946 1078 1217 1133 natura.
1264 1065 1480 1133 Nemo
1531 1087 1714 1158 aegre
1753 1064 2033 1133 molitur
2075 1077 2265 1131 artus

110 1202 269 1247 suos
289 1228 313 1265 ,
352 1203 551 1248 nemo
586 1182 662 1247 in
698 1203 831 1249 usu
863 1179 969 1267 sui
1006 1178 1203 1247 haesit
1234 1206 1253 1264 3
1296 1174 1386 1245 ad
1422 1176 1555 1246 hoc
1591 1177 1774 1245 edita
1812 1178 2124 1271 protinus
2161 1177 2266 1245 fa-

109 1296 347 1383 ciunt3
388 1320 541 1364 cum
578 1296 710 1365 hac
756 1295 1041 1364 scientia
1074 1294 1417 1389 prodeunt
1439 1343 1458 1378 ,
1511 1294 1817 1363 instituta
1859 1309 2256 1363 nascuntur.

108 1448 209 1463 —
238 1410 404 1481 Ideo
430 1462 451 1495 ,
504 1413 731 1505 inquit
758 1405 813 1495 ³,
866 1426 1095 1506 partes
1141 1434 1294 1479 suas
1324 1409 1643 1479 animalia
1685 1408 1844 1504 apte
1879 1405 1908 1453 ⁴
1929 1425 2204 1479 movent
2233 1458 2256 1493 ‚

111 1529 274 1619 quia
293 1578 317 1615 ,
356 1528 416 1595 si
447 1528 651 1596 aliter
691 1530 1027 1597 moverint
1052 1578 1071 1609 ,
1092 1526 1415 1595 -dolorem
1445 1548 1726 1595 sensura
1765 1542 1946 1595 sunt.
1994 1564 2073 1579 -—
2107 1528 2208 1595 Ita
2229 1576 2252 1611 ,

110 1661 183 1711 ut
218 1668 346 1713 vos
378 1642 643 1726 dicitis,
687 1660 1073 1737 coguntur3
1114 1659 1468 1735 metusque
1507 1642 1626 1711 illa
1665 1618 1739 1711 iii
1775 1658 2032 1712 rectum
2059 1692 2078 1727 ,
2123 1665 2264 1710 non

74 1761 425 1830 'voluntas
445 1810 465 1845 ,
524 1776 748 1830 movet
770 1758 806 1830 ἐ
851 1760 1036 1855 quod
1084 1776 1187 1829 est
1224 1760 1490 1831 falsum.
1535 1760 1768 1830 Tarda
1817 1762 2001 1831 enim
2048 1775 2206 1829 sunt
2235 1810 2254 1845 ,

109 1899 261 1967 quae
299 1876 699 1944 necessitate
738 1873 1188 1967 impelluntur
1221 1901 1238 1942 :
1276 1875 1544 1969 agilitas
1581 1891 1820 1969 sponte
1853 1874 2048 1943 motis
2085 1866 2252 1943 ⁵est.

109 1993 299 2063 Adeo
344 2009 569 2062 autem
601 2012 737 2063 non
766 1992 985 2085 adigit
1016 1993 1135 2061 illa
1168 1992 1256 2062 ad
1295 1992 1428 2061 hoc
1475 1990 1730 2061 doloris
1771 1992 1976 2061 timor
2004 2040 2024 2077 ,
2063 2006 2140 2059 ut
2187 1992 2260 2060 in

2127 350 2264 447 3²9

107 2258 260 2308 quam
306 2239 623 2314 deperditam
656 2241 915 2296 restituere
945 2241 1131 2294 volne-

106 2331 220 2370 runt
248 2318 459 2392 Caylus‚
482 2319 665 2386 Calan,
685 2322 955 2391 Requeno,
984 2319 1135 2373 Hac-

107 2397 275 2450 kertus
294 2439 311 2464 ,
358 2399 585 2453 Fabroni
628 2399 819 2470 aliique
842 2438 859 2466 ‚
903 2419 1133 2454 successu

104 2475 237 2530 haud
270 2479 485 2532 infelici.
509 2482 591 2535 Cf.
628 2482 909 2535 Salmasius
928 2481 995 2535 ad
1015 2483 1136 2535 Vo-

104 2554 223 2626 pise.
244 2557 375 2608 Aur.
391 2578 436 2611 c.
454 2559 534 2624 45.
548 2559 817 2612 Exercitat.
828 2559 957 2634 plin.
970 2580 1019 2633 p.
1040 2559 1135 2612 163

106 2653 174 2704 sq.
190 2634 413 2687 Dur-and
432 2636 495 2688 ad
516 2636 651 2691 Plin.
671 2659 719 2709 p.
748 2639 849 2710 289
880 2657 990 2709 sqq.
1018 2637 1135 2690 Hirt

100 2709 156 2760 in
166 2711 350 2764 berlin.
372 2713 881 2788 Monatsschrfisur
892 2717 1135 2770 bildende

106 2788 339 2853 Kunste,
355 2791 481 2843 anni
505 2793 721 2864 ¹7⁸92P·
746 2795 805 2844 18
826 2793 1131 2862 sqq.Ruhlc.

168 2885 210 2920 ι.
248 2867 511 2920 Saltandc'
539 2872 751 2940 peritos.
786 2868 873 2921 Sic
899 2867 1130 2921 Gronov.

104 2943 165 2995 de
186 2945 497 3015 conjectura.
533 2945 656 2998 Mas.
698 2944 846 2998 codd.
882 2965 1061 2998 omnes
1084 2957 1135 3000 et

104 3034 219 3075 vett.
232 3022 350 3076 edd.
364 3034 573 3096 praestau
581 3035 617 3084 t,
635 3026 827 3086 salian
840 3041 969 3074 unua
986 3023 1129 3076 Eras-

101 3099 172 3151 mi
189 3138 203 3166 ,
224 3103 449 3153 satiant.
466 3100 618 3152 Unde
634 3099 902 3153 Turnebus
919 3099 1133 3154 Advers.

102 3178 193 3242 26,
224 3198 289 3232 ao
310 3215 327 3240 ‚
366 3177 433 3230 30
452 3215 469 3243 ,
499 3177 559 3240 ὃς
586 3177 861 3251 legendum
899 3178 1129 3252 putabat,

102 3257 405 3308 saltationis
424 3259 637 3326 peritos.
666 3257 906 3310 Erasmus
931 3275 946 3309 τ
973 3277 1137 3312 scenoe

96 3335 311 3397 peritos.
330 3334 397 3385 In
417 3331 511 3386 bac
531 3352 683 3402 quam
704 3333 867 3406 recepi
884 3333 1136 3387 Gronovii

102 3409 463 3472 emendatione
500 3422 775 3481 utcumque
822 3411 1137 3482 acquiescere

101 3507 366 3558 possumus
386 3527 403 3556 ,
463 3490 585 3543 dum
645 3490 856 3544 meliora
900 3491 1136 3545 meliores

103 3567 249 3620 codd.
274 3587 373 3620 nos
399 3567 705 3622 edocueriut.
739 3569 989 3623 Ceterum
1014 3573 1137 3623 sal-

103 3647 255 3696 tanda·
294 3643 501 3720 propius
532 3646 669 3720 abest
700 3667 728 3700 a
758 3650 949 3708 satiat,
978 3668 1133 3718 quam

104 3741 263 3776 scenae
283 3761 299 3789 ‚
345 3735 396 3775 et
435 3723 497 3777 de
539 3726 867 3797 pantomimis
904 3727 1132 3780 solemne

106 3819 203 3852 esse
229 3801 767 3856 constan—Sallen&³
779 3807 991 3873 peritos.
1019 3807 1061 3858 I.
1088 3825 1133 3858 e.

105 3877 474 3946 pantomimos,
502 3877 588 3946 qui
617 3880 724 3932 sola
749 3881 1133 3952 gesticulptione

102 3955 165 4006 ad
195 3955 377 4008 tibiam
410 3956 631 4010 fabulam
665 3957 885 4030 aliquam
908 3959 1014 4012 sive
1036 3981 1133 4013 co-

102 4033 229 4088 mice
256 4035 368 4086 sive
394 4035 580 4106 tragice
604 4049 837 4108 agerent,
865 4037 999 4091 haud
1032 4038 1133 4090 ab-

102 4111 292 4168 similes
318 4112 521 4184 iis,.qui
552 4133 687 4168 nunc
722 4117 949 4170 mimicas
973 4118 1131 4172 salta-

1232 2241 1416 2304 tiones,
1432 2259 1558 2311 quas
1570 2239 1784 2294 Ballets
1796 2257 2038 2293 vocamus
2049 2277 2064 2302 ‚
2083 2250 2258 2312 agunt.

1232 2319 1315 2375 Cf.
1342 2319 1624 2372 Lucianum
1649 2321 1760 2388 περὶ
1791 2321 2028 2390 ὀρχήσεως
2059 2317 2122 2369 de
2151 2317 2262 2368 sal·-

1230 2397 1420 2449 tatione
1434 2395 1546 2449 bac.
1560 2397 1819 2466 Loquaces
1831 2394 2261 2467 pantomimorum

1231 2494 1416 2528 manus
1447 2473 1570 2526 hinc
1604 2474 1786 2546 sepius
1817 2472 2104 2526 laudantur.
2123 2470 2262 2525 Vide

1230 2555 1418 2609 Jacobs
1442 2555 1505 2608 ad
1538 2555 1689 2608 Anal.
1713 2555 1958 2623 Brunkii,
1985 2552 2160 2616 Anim.
2179 2554 2260 2619 11,

1236 2653 1276 2685 1.
1308 2655 1359 2706 p.
1399 2633 1514 2704 309·
1541 2632 1803 2686 Ciceronis
1837 2644 2006 2685 autem
2034 2643 2257 2702 tempore

1228 2711 1410 2765 Rome
1425 2709 1536 2765 baec
1550 2729 1630 2763 ars
1654 2711 1828 2782 vigere
1849 2707 2022 2781 eoepit,
2051 2719 2102 2760 et
2117 2717 2260 2760 tanto

1226 2788 1321 2841 fuit
1347 2789 1404 2842 in
1426 2787 1624 2841 bonore
1647 2788 1739 2840 snb
1763 2785 2174 2858 imperatoribus,
2203 2799 2261 2839 ut

1228 2865 1486 2938 tragoedize
1524 2877 1578 2920 et
1615 2865 1876 2919 comoediae
1915 2877 2114 2919 tantum
2149 2885 2258 2918 non

1227 2961 1430 3015 prorsus
1452 2961 1557 3016 prae
1581 2943 1646 2996 iis
1668 2955 2126 2996 contemnerentur.
2147 2945 2258 3015 Ipse

1231 3023 1372 3075 Nero
1397 3021 1503 3094 egit
1520 3022 1768 3075 Turnum.
1794 3020 1872 3073 Cf.
1896 3021 2107 3074 Sueten.
2132 3022 2257 3074 Ner.

1230 3101 1311 3164 54.
1349 3099 1556 3152 Phaedri
1589 3099 1689 3152 fab.
1709 3099 1778 3162 V,
1808 3119 1853 3168 7.
1875 3099 2008 3150 Loca
2028 3110 2257 3152 veterum

1230 3190 1343 3251 post
1368 3178 1583 3232 Salmas.
1621 3177 1686 3229 ad
1715 3175 1908 3230 Hister.
1935 3180 2068 3249 Aug.
2088 3198 2137 3251 p.
2157 3177 2258 3250 496

1230 3253 1437 3328 collegit
1477 3254 1526 3306 J.
1568 3253 1632 3306 B.
1676 3252 1920 3325 Carpzov.
1958 3253 2256 3307 Paradoxon

1232 3335 1466 3400 stoicum,
1483 3345 1573 3386 etc.
1585 3355 1633 3405 p.
1644 3331 1711 3386 86
1728 3352 1800 3402 sq.
1813 3331 1952 3384 Alias
1971 3344 2118 3386 vocat
2131 3335 2258 3386 arti-

1216 3413 1354 3482 fices
1375 3429 1571 3478 scenoe5
1593 3413 1772 3466 Benef.
1795 3412 1922 3466 VIII
1937 3449 1954 3476 ‚
1979 3411 2258 3466 20.Rumc.

1303 3511 1348 3544 a.
1375 3490 1692 3562 Affictuum.
1717 3488 1804 3543 Sic
1840 3501 1972 3542 recte
2000 3507 2112 3542 mss.
2136 3509 2188 3541 a.
2215 3509 2258 3542 c.

1233 3573 1307 3626 R.
1347 3573 1418 3624 A.
1463 3572 1734 3643 Perperam
1783 3568 2057 3640 eff'ectuzmz
2099 3568 2256 3640 vulgo

1235 3649 1352 3703 edd.
1375 3648 1540 3702 Schw.

1298 3727 1346 3778 3.
1365 3729 1494 3780 Ideo
1505 3765 1520 3788 ,
1539 3729 1731 3796 inquit,
1748 3724 2027 3798 Epicureus
2038 3761 2054 3790 ‚
2071 3725 2258 3798 quippe

1231 3805 1317 3858 cui
1339 3823 1538 3858 summa
1557 3823 1726 3874 rerum
1747 3815 1851 3856 erat
1872 3802 2116 3874 voluptas.
2135 3801 2207 3853 R.

1297 3885 1346 3950 4.
1373 3887 1515 3952 Apte
1555 3893 1777 3936 movent.
1816 3883 1972 3934 Recte
2014 3901 2068 3932 a.
2105 3897 2148 3931 e.
2181 3880 2256 3932 A.

1232 3963 1506 4035 Pei-peram
1529 3962 1801 4016 movebunt
1821 3959 1944 4012 edd.
1970 3978 2028 4012 ex
2050 3957 2122 4009 R.
2148 3957 2206 4012 S.

1298 4041 1344 4092 5.
1377 4039 1614 4110 Agnitus
1645 4048 1826 4108 sponte
1855 4040 2013 4091 motis
2046 4047 2138 4091 est.
2168 4036 2256 4090 Sic

1231 4118 1501 4170 commode
1528 4137 1620 4174 ms.
1648 4137 1700 4168 α.
1718 4117 1852 4170 Tum
1875 4121 2054 4183 sponte
2085 4121 2256 4172 molus

2314 1096 2340 1142 7
