2667 4475
394 274 485 357 84
845 234 854 245 “
1004 267 1089 334 L.
1137 263 1494 335 ANNAEI
1540 262 1967 335 SENEGAE

391 427 529 471 non
550 402 734 469 enim
759 398 1060 493 reposita
1084 396 1204 465 illa
1231 418 1379 465 esse
1405 411 1699 488 oportet,
1730 394 1951 465 sedin
1971 414 2319 492 promptu.
2340 402 2537 497 Quae-

389 540 682 613 cumque
720 515 1040 585 salutaria
1085 527 1279 598 sunt,
1333 534 1509 605 saepe
1552 513 1799 607 agitari
1843 511 2133 597 debent,
2178 540 2359 611 saepe
2380 546 2534 591 ver-

389 638 562 723 sari3
599 650 678 705 ut
721 656 864 701 non
906 646 1168 700 tantum
1203 644 1367 697 nota
1406 631 1545 697 sint
1581 629 1781 698 nobis
1800 678 1819 713 ,
1860 630 1983 698 sed
2029 631 2231 700 etiam
2270 652 2524 727 parata.

273 788 336 836 27
389 753 632 848 Adjice
663 774 850 820 nunc
871 800 895 837 ,
931 747 1118 842 quod
1145 762 1383 841 aperta
1412 770 1685 839 quoque
1711 748 2056 840 apertiora
2092 750 2249 819 fieri
2284 753 2523 822 solent.

396 911 474 924 —
516 898 549 937 «
579 871 650 940 Si
678 868 886 938 dubia
928 881 1119 950 sunt,
1159 864 1458 957 inquit¹,
1506 888 1659 957 quae
1694 866 2050 958 praecipis,
2094 869 2526 960 probationes

387 987 685 1081 adjicere
720 981 1002 1054 debebis
1038 1005 1056 1048 ε
1087 1003 1252 1075 ergo
1279 979 1450 1064 illae,
1486 1003 1627 1049 non
1654 995 2032 1074 praccepta,
2062 983 2453 1075 proficient.
2490 1008 2519 1049 »s

393 1137 472 1154 ..-
498 1100 731 1194 Qujd²
756 1096 942 1194 quod
960 1149 979 1182 ,
1011 1098 1209 1165 etiam
1241 1098 1389 1165 sine
1417 1095 1935 1189 probationibus
1962 1147 1981 1178 ‚
2010 1099 2157 1191 ipsa
2194 1104 2528 1169 monentis

375 1216 747 1285 auctoritas
774 1211 1098 1307 prodest?
1129 1211 1226 1279 sic
1255 1208 1597 1303 quomodo
1629 1210 2272 1301 jurisconsultorum
2308 1214 2526 1283 valent

385 1344 709 1426 responsa.
732 1381 751 1414 ‚
790 1331 998 1399 etiam
1033 1329 1121 1411 si,
1147 1328 1322 1395 ratio
1371 1349 1513 1395 non
1563 1324 1901 1395 redditur.
1958 1330 2295 1397 Praeterea
2342 1332 2521 1426 ipsa2

371 1473 536 1541 quae
571 1447 1089 1543 praecipiuntur,
1137 1467 1264 1537 per
1292 1466 1365 1511 se
1402 1442 1687 1511 multum
1714 1443 1969 1512 habent
1998 1441 2323 1536 ponderis
2342 1495 2365 1531 ‚
2397 1448 2525 1514 uti-

371 1587 518 1658 ·que
564 1567 624 1633 si
665 1580 786 1634 aut
830 1563 1126 1633 carmini
1169 1562 1423 1629 intexta
1464 1575 1657 1643 sunt,
1700 1576 1817 1629 aut
1858 1584 2059 1653 prosa
2100 1564 2406 1631 oratione
2450 1565 2519 1631 in

267 1708 329 1761 ,3
365 1684 781 1751 ·sententiam
821 1692 1156 1747 coarctem
1175 1705 1202 1762 3-
1233 1678 1409 1745 sicut
1437 1676 1559 1747 illa
1584 1673 2025 1762 Catoniana³,
2066 1704 2099 1743 «
2123 1682 2358 1764 Emas,
2393 1705 2521 1750 non

367 1799 753 1894 quod-opus
781 1810 921 1884 est,
954 1795 1076 1865 sed
1100 1793 1290 1887 quod
1316 1817 1595 1864 necesse
1627 1810 1754 1863 est.
1778 1793 1987 1889 Quod
2014 1820 2155 1863 non
2182 1820 2353 1889 opus
2380 1814 2479 1867 est
2494 1848 2514 1881 ,

375 1944 524 1990 asse
555 1944 788 1989 carum
831 1933 961 1987 est.
993 1943 1026 1981 n
1069 1916 1324 2011 Qualia
1354 1932 1515 1985 sunt
1538 1917 1655 1985 illa
1678 1966 1695 1999 ‚
1738 1932 1862 1986 aut
1897 1916 2165 1986 reddita
2208 1920 2515 2001 oraculo,

377 2052 493 2105 aut
520 2037 766 2104 similia
803 2062 820 2102 :
859 2061 892 2101 «
917 2034 1245 2127 Tempori
1275 2029 1521 2127 parce!
1558 2034 1665 2102 Te
1692 2030 1935 2102 nosce!
1967 2060 2002 2097 >›
2034 2035 2389 2127 Numquid
2419 2060 2525 2103 ra·

376 2152 634 2221 tionem
665 2152 892 2246 exiges
919 2201 938 2234 ‚
982 2173 1193 2243 quum
1219 2150 1347 2218 tibi
1371 2150 1621 2243 aliquis
1643 2148 1769 2217 hos
1796 2150 2046 2219 dixerit
2070 2152 2362 2244 versus?

901 2292 1212 2364 Iniuriarum
1237 2291 1521 2345 remedium
1542 2305 1617 2345 est
1638 2291 1852 2346 oblivio.

903 2379 1166 2433 Audentes
1187 2379 1391 2430 fortuna
1410 2375 1565 2448 juvat.

906 2467 1064 2542 Piger
1081 2467 1188 2543 ipse
1208 2466 1306 2521 sibi
1331 2465 1493 2522 obstat
1504 2467 1546 2517 ⁴.

378 2591 796 2663 Advocatum
822 2595 950 2662 ista
977 2615 1116 2662 non
1153 2607 1508 2686 quaerunt3
1531 2585 1828 2662 affectus
1862 2593 2045 2688 ipsos
2089 2609 2413 2690 tangunt,
2455 2609 2522 2664 et

378 2727 624 2779 natura
659 2713 796 2778 vim
834 2734 1022 2778 suam
1055 2726 1417 2779 exercente
1453 2710 1850 2803 proficiunt.
1908 2712 2232 2782 Omnium
2284 2712 2529 2780 bones-

380 2843 601 2895 tarum
648 2849 876 2893 rerum
935 2827 1190 2894 semina
1234 2826 1443 2894 animi
1494 2842 1743 2920 gerunt
1775 2876 1796 2911 ,
1854 2851 2005 2919 quae
2064 2827 2523 2898 admonitione

384 2946 804 3029 excitantur3
848 2967 990 3010 non
1031 2942 1233 3012 aliter
1269 2967 1473 3035 quam
1522 2935 1860 3033 scintilla,
1896 2946 2062 3014 flatu
2088 2946 2223 3015 levi
2250 2927 2519 3038 adjuta,

387 3071 616 3161 ignem
661 3090 856 3135 suum
901 3065 1210 3160 explicat.
1257 3067 1565 3160 Erigitur
1600 3067 1860 3154 virtus,
1894 3091 2105 3159 quum
2130 3083 2307 3137 tacta
2333 3085 2435 3138 est
2459 3085 2525 3137 et

383 3183 695 3277 impulsa.
733 3185 1070 3252 Praeterea
1104 3182 1415 3275 quaedam
1454 3198 1614 3252 sunt
1646 3185 1925 3276 quidem
1972 3186 2048 3253 in
2092 3188 2321 3254 animo
2347 3237 2367 3270 ,
2406 3185 2527 3256 sed

382 3321 618 3391 parum
647 3312 1004 3390 promptae,
1037 3319 1188 3388 quae
1231 3298 1572 3393 incipiunt
1614 3298 1691 3366 in
1717 3298 2032 3391 expedito
2074 3321 2221 3369 esse
2247 3351 2267 3385 ,
2316 3325 2523 3394 quum

381 3516 592 3571 casaris
612 3528 662 3567 et
683 3511 918 3587 Pompeii
938 3511 1115 3567 Cicero
1140 3512 1397 3578 defendit,
1498 3513 1597 3566 alia
1612 3554 1627 3575 ‚
1656 3531 1769 3585 quoe
1784 3509 1872 3567 bic
1894 3516 2087 3589 profert
2114 3517 2296 3570 Noster
2313 3557 2327 3584 ,
2349 3533 2523 3590 parum

388 3595 446 3649 C.
467 3594 691 3648 Licinius
711 3592 897 3645 Calvus
915 3589 1165 3646 accusavit
1183 3590 1399 3644 ambitus
1498 3591 1739 3665 ponderis
1774 3592 1959 3646 habere
1992 3615 2137 3667 posse
2171 3595 2237 3647 ad
2276 3596 2523 3650 Aristonis

381 3671 609 3726 crimine.
631 3669 708 3722 Cf.
730 3669 845 3722 Nic.
869 3669 1035 3722 Faber
1058 3667 1122 3721 ad
1145 3667 1219 3718 M.
1243 3667 1400 3724 Sene·
1497 3669 1799 3724 sententiam
1828 3673 2154 3724 evertendam
2176 3710 2191 3736 ,
2218 3669 2407 3746 quippe
2434 3674 2522 3743 qui

383 3767 454 3802 σε
481 3749 554 3800 111
583 3746 904 3799 Controvers-
934 3767 994 3818 ¹9
1011 3784 1027 3811 ,
1053 3746 1100 3797 8.
1124 3743 1306 3798 Ruhk.
1499 3748 1671 3800 omnia
1694 3750 1759 3802 ad
1787 3764 1979 3802 rectam
2011 3751 2275 3803 scientiam
2297 3765 2346 3804 et
2368 3751 2525 3804 habi-

452 3845 495 3878 1.
520 3823 587 3879 Se'
605 3822 768 3876 dubia
791 3833 913 3877 sunt
928 3861 944 3886 ‚
967 3825 1158 3892 inquit.
1185 3821 1353 3874 Aristo
1380 3861 1399 3890 ,
1498 3836 1607 3878 tum
1630 3826 1791 3878 animi
1816 3827 2069 3880 retulerat.
2091 3826 2275 3880 Rama.

381 3923 530 3979 supra
555 3904 585 3973 S
616 3921 688 3956 ιο.
709 3900 881 3956 Rubh.
1564 3905 1613 3956 3.
1642 3905 1955 3959 Catoniana.
1995 3904 2073 3957 cf.
2116 3905 2317 3958 Erasmi
2358 3904 2525 3977 Adag.

449 4005 496 4035 2.
522 3980 968 4053 Quid...redditur.
994 3975 1200 4031 Seneca
1217 3989 1290 4030 est
1307 3997 1401 4030 re·-
1498 3981 1634 4035 Chil.
1662 3983 1755 4034 lv.
1794 3981 1943 4035 Cent.
1972 3983 2069 4046 IV,
2110 3983 2303 4056 penult.

383 4061 600 4135 sponsio.
626 4059 782 4116 Vides
807 4070 974 4110 tamen
991 4097 1005 4126 ,
1034 4056 1142 4112 haec
1171 4070 1220 4110 et
1240 4055 1399 4110 multa
1564 4059 1614 4124 4.
1660 4059 2063 4127 Iniuriarum...
2080 4096 2093 4109 .
2118 4061 2308 4113 obstat.
2336 4061 2527 4112 Versus
