2667 4475
375 410 382 415 Ι
463 319 952 389 PHYSIOL.
1005 318 1507 389 sTOICOR.
1556 320 1751 389 LIB.
1801 320 1905 388 11.
2129 323 2265 417 599

114 486 248 527 rum
267 475 486 546 partem
509 488 530 525 ε
552 463 710 545 quod
731 463 828 523 alii
851 474 980 545 post
1001 462 1242 543 Moysen
1265 462 1559 523 Oceanum
1580 462 1969 546 appellarunt,
1994 484 2127 525 enm
2145 486 2263 547 quo

113 585 309 631 nostra
329 572 670 654 navigabilia
694 571 874 629 maria
895 571 944 629 si
967 567 1224 631 conferas
1243 613 1264 642 ,
1287 582 1557 653 portuum
1578 568 1793 629 habere
1810 569 2281 651 magnitudinem.

112 699 367 739 censeas.
401 703 429 731 ιι
465 677 638 737 Plura
659 676 724 735 in
743 674 894 735 hanc
913 675 1254 735 sententiam
1277 674 1535 751 adtexit·‚
1570 688 1629 736 et
1656 676 1781 735 vult
1806 673 2001 736 dulces
2028 674 2261 757 quidem

111 806 288 865 aquas
316 784 508 844 Terrae
533 795 755 865 partem
789 803 946 855 esse,
977 802 1224 863 cumque
1255 802 1324 841 ea
1354 783 1573 843 censeri
1605 806 1622 843 ε
1652 795 1713 843 at
1736 782 1901 843 Mare
1936 794 2217 843 secretum
2234 825 2253 857 ,

111 902 170 951 et
193 888 386 951 facere
413 890 611 951 orbem
643 909 811 949 suum
839 900 1012 970 atque
1041 885 1429 955 Elementmn.
1468 888 1518 947 T
1520 888 1754 964 ale-est,
1790 887 1945 970 quod
1973 887 2279 948 Fabianus.

108 998 381 1080 ambigit,
413 996 488 1059 de
514 994 743 1057 Oceano
770 992 1036 1077 (Suasor.
1071 991 1140 1075 1)
1169 1016 1188 1052 ε
1220 993 1549 1055 «Utrumne
1576 1006 1757 1055 terras
1784 996 1943 1057 velut
1965 996 2255 1056 vinculum

105 1100 466 1163 circumfluat
481 1144 500 1175 ,
533 1123 608 1161 an
642 1102 706 1159 in
727 1121 893 1161 suum
920 1100 1212 1183 colligatus
1239 1099 1439 1159 orbem
1454 1141 1475 1175 ,
1506 1112 1563 1161 et
1582 1100 1643 1159 in
1664 1099 1769 1161 hos
1784 1144 1803 1177 ,
1836 1123 1943 1184 per
1964 1123 2109 1185 quos
2144 1124 2259 1163 na-

102 1209 354 1291 vigatur,
385 1208 542 1269 sinus
559 1251 576 1281 ,
607 1208 771 1289 quasi
797 1208 1146 1289 spiramenta
1176 1205 1439 1289 quadam
1464 1206 1872 1289 magnitudinis
1903 1220 2193 1273 exaestuet.
2223 1234 2252 1261 n

107 1313 453 1375 Censuerint
491 1314 667 1396 igitur
703 1312 940 1396 quidam
978 1335 1144 1375 suum
1188 1312 1634 1393 distinctumque
1669 1312 1899 1395 globum
1942 1312 2129 1377 facere
2146 1358 2165 1388 ‚
2200 1326 2286 1373 et·

105 1420 410 1483 dumtaxat
434 1421 556 1481 haec
587 1433 782 1481 nostra
805 1421 986 1481 maria
1014 1421 1280 1503 exiguam
1308 1420 1435 1499 ejus
1462 1430 1685 1499 partem
1704 1462 1723 1492 ,
1756 1432 1815 1479 et
1839 1418 1998 1478 velut
2020 1419 2257 1479 lacinias

105 1550 252 1589 esse.
277 1528 464 1592 Imxno
491 1549 598 1589 nec
619 1528 798 1589 solem
825 1526 1042 1602 ambire
1059 1570 1076 1602 ,
1104 1538 1162 1585 et
1182 1526 1447 1587 tenebras
1474 1526 1537 1585 in
1557 1526 1823 1587 exn-emis
1847 1526 1969 1605 ejus
1985 1569 2004 1600 ‚
2032 1539 2090 1586 et
2113 1526 2251 1585 hor-

101 1636 296 1697 ridum
327 1649 609 1699 secrettnn
648 1634 882 1695 babere.
925 1634 1349 1695 Declamatores
1380 1634 1537 1715 apud
1568 1633 1845 1693 Senecam
1880 1644 2101 1714 patrem
2142 1634 2247 1693 in·-

101 1742 302 1803 dicant
317 1784 337 1818 ,
368 1764 550 1825 quum
575 1741 969 1803 Alexandrum
999 1741 1074 1801 ab
1104 1762 1172 1801 eo
1199 1752 1471 1801 revocant
1501 1764 1518 1799 =
1551 1752 1611 1801 et
1639 1738 1793 1801 Pedo
1820 1740 2208 1805 Albinovanus
2226 1785 2273 1813 ,,

101 1848 554 1933 m.mvigafione
579 1847 974 1917 Germanicis,

431 2006 546 2055 Jam
562 2004 885 2075 pridem⁴post
903 2010 1038 2073 terga
1056 2002 1190 2056 diem
1209 2042 1224 2067 ,
1248 2004 1515 2075 Solemque
1533 2004 1777 2057 relictum.

99 2118 175 2187 Et
205 2124 394 2183 statim
416 2148 452 2189 ε,
1350 2190 1357 2197 ,

443 2294 627 2312 ......
651 2261 751 2312 mit
773 2262 876 2330 ipse
899 2257 1004 2310 dies
1021 2296 1037 2323 ,
1057 2233 1323 2330 orbemque
1342 2261 1583 2310 relictum.

323 2421 332 2436 .
431 2347 618 2398 Ultima
635 2349 880 2416 perpetuis
901 2347 1088 2398 clandit
1103 2354 1275 2398 natura
1299 2347 1525 2398 tenebris.

93 2483 434 2544 Ambrosius
461 2484 634 2544 ctiam
665 2486 730 2546 in
755 2483 862 2546 bae
894 2483 1252 2546 dubitatione
1271 2483 1408 2567 (111
1438 2483 1725 2548 Hexaem.
1756 2505 1885 2564 cap.
1930 2484 1992 2566 3)
2016 2508 2032 2542 =
2062 2512 2091 2538 κ
2107 2486 2259 2561 Quis.

93 2591 204 2652 scit
218 2635 236 2665 ,
257 2591 318 2650 in
337 2603 614 2672 quantum
639 2611 702 2650 se
725 2591 866 2652 illud
888 2612 1162 2674 magnum
1177 2634 1196 2666 ,
1233 2604 1292 2651 et
1313 2593 1583 2668 inausum
1608 2590 2007 2672 navigantibus
2022 2635 2041 2663 ,
2072 2604 2245 2674 atque

93 2697 442 2756 intentatum
469 2698 658 2757 nautis
674 2742 692 2773 ,
723 2695 928 2758 fundat
953 2719 1146 2772 mare,
1175 2696 1332 2779 quod
1360 2695 1683 2758 Britannias
1710 2695 1977 2756 frementi
2002 2697 2245 2758 includit
2256 2725 2269 2752 .-

91 2823 322 2885 aequore
339 2847 356 2879 ,
389 2816 560 2886 atque
587 2805 648 2864 in
676 2805 946 2864 ulteriora
973 2816 1031 2864 et
1055 2805 1194 2886 ipsis
1218 2803 1425 2864 fabulis
1455 2805 1743 2865 inaccessa
1768 2818 1987 2866 secreta
2014 2827 2077 2866 se
2104 2827 2243 2886 por-

93 2910 265 2992 rigit?
285 2937 314 2964 n
339 2910 528 2982 Immo
548 2911 856 2971 censebant
877 2910 1112 2992 quidam
1127 2955 1146 2985 ,
1170 2911 1465 2972 Oceanum
1485 2912 1829 2990 immensum
1856 2910 2121 2992 protendi
2147 2935 2163 2968 ε
2191 2924 2249 2970 et

92 3015 280 3078 Solem
313 3030 485 3100 atque
517 3031 667 3080 astra
697 3019 756 3078 in
789 3039 857 3078 eo
886 3018 1090 3080 cadere
1105 3063 1124 3094 ,
1156 3031 1214 3078 et
1239 3041 1541 3101 resurgere
1558 3065 1575 3090 ,
1612 3017 1948 3080 humoribus
1978 3019 2101 3097 ejus
2134 3039 2239 3077 re-

95 3121 262 3186 secta.
299 3125 530 3186 Plebeia
561 3137 620 3186 et
645 3138 944 3206 poetarum
974 3127 1193 3207 opinio,
1224 3127 1328 3186 sed
1356 3127 1492 3192 vitis
1525 3127 1789 3210 gravibus
1822 3126 1993 3184 etiam
2018 3127 2201 3206 posita
2219 3171 2239 3202 ‚

94 3244 194 3292 aut
221 3232 498 3294 dubitata.
539 3233 738 3294 Tacito
771 3246 964 3294 nostro
981 3277 1000 3306 ,
1035 3233 1192 3315 quod
1221 3234 1357 3293 alibi
1389 3247 1653 3296 notamus
1679 3258 1699 3294 ι
1726 3246 1785 3294 et
1818 3232 2071 3292 Fabiano
2102 3233 2241 3292 Phi-

92 3336 329 3418 losopbo
343 3338 500 3419 apud
517 3337 792 3408 Senecam
809 3335 1074 3422 patrem(
1085 3337 1312 3399 Suasor.
1332 3337 1403 3420 I·)
1428 3364 1445 3398 ε
1468 3367 1497 3393 «ι
1518 3340 1611 3400 Illi
1626 3383 1643 3415 ‚
1663 3341 1869 3421 quibus
1883 3341 2076 3422 ignota
2085 3341 2241 3400 nulla

93 3463 226 3522 pars
247 3443 447 3504 mundi
477 3457 564 3504 est
578 3488 597 3519 ,
631 3445 704 3506 de
735 3444 966 3506 Oceano
994 3458 1186 3505 tamen
1215 3445 1481 3506 dubitant
1504 3469 1521 3504 ε
1547 3457 1818 3508 utrumne
1842 3457 2021 3506 terras
2036 3489 2053 3519 ,
2083 3447 2267 3507 velut<

93 3549 382 3610 vinculum
411 3549 798 3626 circumfluat,
831 3575 906 3614 an
935 3554 999 3612 in
1029 3573 1197 3612 suum
1223 3551 1517 3634 colligatus
1539 3551 1745 3612 orbem
1762 3595 1784 3625 ,Α
1798 3564 1875 3614 ,et
1890 3553 1961 3611 in
1994 3550 2099 3612 bos
2132 3574 2239 3633 per

92 3675 234 3734 quos
275 3659 575 3740 navigatur
617 3659 776 3718 sinus
800 3701 818 3732 ,
865 3661 1052 3739 quasi·
1075 3660 1441 3740 spiramenta·
1476 3657 1735 3740 quaedam
1777 3658 2187 3742 magnitudinis
2215 3701 2265 3732 „

93 3775 360 3824 exaestuet
387 3789 405 3824 ε
439 3766 634 3848 ignem
663 3777 794 3846 post
829 3787 896 3826 se
919 3807 936 3839 ‚
982 3766 1146 3848 cujus
1189 3777 1563 3850 augmentum
1605 3767 1731 3847 ipse
1774 3768 1877 3842 sit,
1920 3765 2129 3826 habeat
2160 3788 2265 3826 an.-

91 3871 370 3950 spiritum.
397 3899 426 3926 ὀ
457 3870 613 3934 Ecce
629 3918 651 3949 ,
681 3874 776 3932 alii
805 3875 1040 3942 seorsim
1065 3873 1258 3934 locant
1277 3897 1312 3934 a
1333 3887 1521 3949 terra,
1548 3887 1609 3936 et
1628 3875 1931 3956 ambigunt
1945 3895 2020 3932 an
2040 3871 2230 3950 Ignis,

93 3976 156 4036 id
181 3991 301 4054 est,
333 3978 539 4041 AEtloer
565 3994 624 4044 et
650 3981 840 4044 sidera
868 3980 1032 4065 (quae
1063 3982 1188 4063 ipse
1221 3983 1441 4064 pascit)
1474 4005 1605 4044 eum
1638 3982 1961 4062 excipiant,
1995 4001 2071 4039 an
2097 3977 2238 4062 Spi-

93 4084 230 4152 ritus
257 4087 380 4157 sive
413 4087 550 4150 Aer.
583 4089 700 4154 Sed
728 4090 1058 4164 buconius
1088 4091 1252 4156 nobis
1280 4089 1797 4164 veritasinnotuit,
1826 4099 1883 4150 et
1904 4099 2055 4150 toan
2076 4110 2275 4174 ppnea
