2667 4475
395 327 520 393 272
983 300 1063 366 L.
1114 296 1469 365 ANNAEI
1516 296 1949 392 SENECAE

275 424 336 499 2⁹2
388 430 530 497 Rex
555 444 786 497 noster
815 442 916 496 est
949 428 1213 495 animus
1249 452 1262 491 :
1305 427 1445 494 hoc‘
1473 426 1793 493 incolumi
1818 476 1837 507 ,
1878 442 2121 493 caetera
2150 444 2421 495 manent
2454 430 2527 495 in

389 543 647 626 officio,
677 558 954 636 parent,
985 542 1454 635 obtemperant
1487 566 1503 607 t
1551 565 1757 632 quum
1793 540 1911 609 ille
1940 541 2213 635 paulum
2252 542 2529 611 vacilla-

387 662 520 741 vit,
558 659 758 728 simul
794 657 1106 727 dubitant
1127 662 1142 691 ¹
1162 708 1177 723 .
1224 657 1459 751 Quum
1491 679 1655 725 vero
1695 658 1894 725 cessit
1930 658 2300 750 voluptati,
2344 673 2528 725 artes

387 796 657 867 quoque
705 773 851 867 ejus
869 822 888 855 ,
939 786 1264 864 actusque
1312 786 1649 855 marcent,
1706 789 1771 839 et
1822 775 2039 841 omnis
2080 796 2163 841 ex
2204 772 2528 867 languido

385 888 701 980 fluxoque
735 902 1016 957 conatus
1051 903 1178 956 est.

481 1003 818 1095 Quoniam
875 1000 1006 1069 hac
1061 997 1509 1070 similitudine
1560 1024 1723 1069 usus
1776 1024 1920 1069 sum
1952 1050 1971 1081 ,
2037 1001 2517 1093 perseverabo.

385 1118 670 1187 Animus
693 1134 922 1186 noster
945 1117 1144 1186 modo
1177 1141 1294 1184 rex
1321 1132 1457 1199 est,
1492 1115 1689 1184 modo
1720 1132 2091 1209 tyrannus:
2120 1140 2279 1202 rex,
2312 1141 2529 1211 quum

384 1233 665 1304 honesta
699 1234 1036 1315 intuetur,
1079 1231 1358 1300 salutem
1400 1233 1737 1300 commissi
1774 1231 1906 1299 sibi
1941 1235 2250 1325 corporis
2284 1249 2479 1303 curat
2504 1284 2525 1314 ,

385 1365 454 1417 et
487 1346 662 1417 nihil
708 1348 810 1416 illi
856 1349 1191 1440 imperat²
1233 1361 1472 1439 turpe,
1530 1347 1701 1414 nihil
1750 1345 2145 1435 sordidum3
2208 1348 2331 1417 ubi
2366 1372 2533 1416 vero

385 1466 753 1555 impotens,
792 1460 1115 1555 cupidus,
1161 1458 1489 1529 delicatus
1522 1476 1625 1527 est
1646 1510 1665 1541 ,
1708 1462 1952 1529 transit
1988 1462 2061 1529 in
2098 1484 2353 1530 nomen
2394 1462 2535 1530 de-

271 1597 333 1651 23
386 1578 688 1647 testabile
719 1601 798 1646 ac
827 1577 1094 1659 dirum„
1127 1592 1195 1644 et
1223 1577 1303 1643 fit
1339 1591 1695 1668 tyrannus.
1736 1577 1939 1645 Tunc
1964 1575 2155 1645 illum
2178 1579 2535 1672 excipiunt

381 1694 662 1761 affectus
697 1694 1128 1785 impotentes,
1169 1708 1238 1760 et
1271 1694 1525 1760 instant
1546 1681 1610 1778 ³3
1652 1692 1772 1783 qui
1813 1691 2005 1759 initio
2038 1691 2319 1783 quidem
2356 1718 2539 1788 gau-

386 1807 585 1890 dent,
619 1824 696 1876 ut
727 1809 893 1877 solet
919 1809 1208 1901 populus
1235 1809 1598 1903 largitione
1624 1809 1935 1877 nocitura
1962 1808 2215 1877 frustra
2238 1810 2531 1902 plenus,

383 1938 454 1990 et
469 1972 490 2005 ,
520 1946 672 2014 quae
696 1945 834 1991 non
861 1938 1080 2015 potest
1103 1923 1381 1992 haurire
1403 1972 1423 2007 ,
1451 1940 1823 1993 contrectat
1846 1919 1903 1992 ⁴.
1918 1924 2171 2016 ‘Quum
2198 1950 2365 1995 vero
2386 1952 2539 1994 ma-

387 2038 492 2130 gis
515 2060 596 2105 ac
630 2039 841 2129 magis
871 2039 1054 2107 vires
1082 2039 1359 2107 morbus
1384 2040 1608 2108 exedit
1630 2090 1650 2123 ,
1683 2056 1753 2107 et
1781 2042 1852 2106 in
1882 2038 2213 2108 medullas
2242 2064 2539 2111 nervos-

385 2176 520 2245 que
569 2150 982 2221 descendere
1037 2151 1340 2242 deliciae3
1400 2171 1767 2248 conspectu
1814 2176 2047 2223 eorum
2068 2205 2091 2241 ,
2144 2157 2405 2248 quibus
2456 2180 2531 2227 se

385 2269 593 2336 nimia
615 2269 936 2338 aviditate
961 2269 1268 2338 inutilem
1295 2268 1601 2340 reddidit
1620 2265 1645 2306 ⁵
1663 2318 1683 2353 ‚
1716 2271 1937 2354 loetus,
1966 2296 2093 2364 pro
2124 2275 2265 2340 suis
2289 2274 2539 2366 volup-

385 2382 635 2452 tatibus
667 2383 877 2452 habet
904 2382 1359 2477 spectaculum
1396 2384 1771 2452 alienarum
1792 2433 1811 2466 ,
1852 2383 2403 2455 subministrator
2440 2389 2541 2456 li·-

383 2499 690 2569 bidinum
721 2502 1082 2594 testisque,
1111 2524 1397 2593 quarum
1419 2525 1617 2568 usum
1643 2500 1775 2568 sibi
1804 2501 2178 2592 ingerendo
2196 2503 2491 2572 abstulit
2520 2531 2535 2572 :

382 2638 510 2682 nec
547 2615 648 2682 illi
683 2631 812 2683 tam
848 2632 1112 2710 gratum
1141 2633 1244 2684 est
1289 2615 1641 2684 abundare
1671 2615 2041 2709 jucundis,
2081 2641 2285 2709 quam
2320 2642 2543 2689 acer-

381 2817 497 2857 sunt
511 2805 745 2876 Georgic.
769 2805 856 2858 lib.
881 2805 974 2871 W,
1005 2825 1097 2858 πη
1125 2827 1197 2876 sq.
1222 2806 1403 2859 Ruhlc.
1500 2807 1719 2878 affictus
1733 2823 1754 2874 ,⁹
1778 2817 2052 2860 contrectat
2074 2819 2235 2860 autem
2262 2805 2327 2859 nd
2345 2829 2541 2878 popu·-

454 2900 496 2932 1.
521 2881 700 2934 Simul
718 2882 976 2936 dubitant.
1001 2881 1084 2936 Sic
1107 2884 1220 2936 libri
1245 2883 1405 2938 nostri
1502 2887 1617 2936 lum
1640 2903 1656 2936 .·
1675 2884 1893 2948 scilicet,
1911 2887 2153 2953 populus.
2168 2885 2393 2954 frustm
2418 2891 2543 2956 ple-

383 2979 494 3013 cum
522 2958 634 3012 aliis
661 2959 895 3012 omnibus
917 2979 930 3013 ε
956 2973 1003 3014 et
1038 2961 1218 3014 merito
1251 2963 1403 3016 'revo-
1501 2977 1599 3011 nus
1614 2963 1888 3030 largitione
1898 2960 2226 3022 nacitur-ostra
2242 2965 2545 3034 solelgau-

384 3037 514 3090 cavit
529 3037 625 3091 boe
641 3037 811 3090 Ruhk.
835 3035 1099 3090 defensum
1122 3060 1151 3091 a
1177 3039 1404 3094 Gronov.
1502 3039 1651 3102 deren
1684 3058 1895 3112 nempe,
1928 3048 2201 3092 contrectat
2230 3047 2287 3092 et
2306 3059 2445 3111 quoe
2472 3043 2545 3106 (i.

383 3128 558 3168 eontra
577 3116 763 3168 Mutet.
789 3137 818 3169 a
850 3137 952 3187 quo
973 3124 1165 3169 nutant
1180 3129 1287 3168 erat
1312 3117 1404 3168 in-
1504 3135 1547 3167 e.
1570 3115 1717 3168 etiam
1745 3135 1804 3168 ea
1834 3121 1971 3186 quae)
1994 3137 2095 3169 non
2113 3126 2280 3184 potest
2296 3118 2545 3172 haurire.

384 3205 598 3246 vectum.
634 3193 884 3247 Timbant
916 3193 1160 3245 maluerat
1193 3193 1407 3266 Lipsius.
1502 3191 1943 3246 &hm—'Qum
1966 3193 2063 3246 alia
2092 3206 2163 3246 est
2183 3198 2543 3250 constructio:

381 3270 543 3327 Schw.
563 3273 768 3344 —oNon
789 3276 938 3326 male.
1503 3271 1631 3323 sieut
1662 3273 1878 3344 populus
1907 3275 2094 3340 plenus
2107 3272 2319 3343 frustm
2362 3275 2391 3338 (
2420 3273 2545 3345 quia

451 3372 498 3402 2.
521 3352 677 3406 Nihil
692 3354 776 3405 ae'lle’
789 3356 1025 3423 imperat.
1044 3355 1178 3406 Leve
1198 3364 1294 3418 est,
1317 3351 1407 3405 sed
1502 3347 1621 3402 licet
1650 3349 1859 3421 plenus,
1902 3348 2135 3401 nondum
2158 3347 2367 3402 satiatus
2417 3359 2544 3416 esth

385 3449 491 3483 non
523 3431 794 3482 tacendum
825 3447 838 3482 t
865 3443 1055 3483 mutata
1078 3431 1289 3484 duarum
1313 3449 1408 3481 vo-
1504 3424 1689 3499 gaudet
1709 3429 1981 3495 largitione
2001 3430 2231 3479 nocitum
2250 3463 2266 3490 ,
2294 3445 2429 3497 quae
2466 3429 2543 3481 illi

386 3505 500 3561 curn
521 3508 638 3561 sede
669 3507 905 3582 scripturn
931 3509 1190 3562 volueram
1207 3547 1221 3572 ,
1251 3517 1304 3560 et
1325 3508 1415 3560 5112·
1504 3501 1735 3567 nocebit,
1762 3503 1880 3574 quia
1908 3503 2007 3574 jam
2037 3503 2212 3576 plenus
2237 3515 2325 3556 est.

385 3583 522 3636 nihil
556 3587 681 3650 imp.
718 3598 774 3636 ut
811 3597 943 3638 recte
985 3584 1172 3637 dabant
1193 3604 1245 3636 a.
1267 3603 1307 3637 c.
1329 3583 1401 3636 A.
1566 3582 1613 3645 4.
1654 3580 1731 3632 Et
1746 3621 1760 3644 ,
1800 3600 1917 3648 qum
1946 3601 2047 3632 non
2084 3591 2252 3650 potest
2283 3581 2541 3644 haurire,

388 3680 503 3713 cum
531 3659 736 3715 Gruteri
768 3661 880 3714 cod.
916 3664 1101 3715 Deerat
1123 3660 1280 3735 vulgo
1303 3663 1401 3715 e‘llz‘.
1498 3657 2255 3726 contmctar.VertitLag1-onge
2272 3677 2289 3710 .-
2314 3657 2547 3730 1⁶:156oe

388 3737 550 3793 Schw-
1498 3756 1551 3789 ce
1575 3738 1761 3804 qu’elle
1786 3756 1850 3789 ne
1867 3747 1994 3805 peu!
2014 3755 2350 3790 oonsommer.

453 3819 500 3871 3.
525 3817 603 3870 Et
621 3821 869 3873 instant...
894 3820 1140 3890 gaudent.
1173 3815 1258 3870 Sic
1289 3815 1405 3868 libri
1570 3816 1617 3865 5.
1643 3811 1850 3883 Quibus
1873 3831 1933 3865 se
1954 3816 2123 3864 m‘me'a
2138 3815 2403 3868 aviditate
2420 3819 2547 3868 fnu-

389 3907 506 3948 vett.
525 3895 696 3970 Vulgo
717 3895 1269 3965 instantque...guudet
1283 3914 1298 3946 :
1311 3895 1406 3947 sci-
1501 3894 1645 3944 rilem
1680 3893 1918 3944 reddidit.
1944 3890 2083 3943 Bene
2110 3891 2255 3944 vertit
2278 3890 2543 3964 Laeron-

387 3973 506 4026 licet
525 3974 696 4042 juncta
715 3983 1007 4044 putaverant
1032 3971 1142 4036 ista,
1161 3973 1405 4040 gaudee...
1490 3987 1557 4038 ge
1574 3989 1591 4020 .·
1614 3969 1763 4022 Dont
1782 3987 1875 4022 son
1890 3969 2091 4021 aofdite‘
2108 3971 2187 4021 l’a
2202 3971 2379 4022 tenda
2396 3975 2551 4026 inea-

365 4057 694 4122 ῖςῌοῃζςεεζα
701 4063 736 4103 t.
749 4049 854 4104 sed
866 4051 1096 4120 gaudent
1115 4049 1324 4102 refertur
1337 4048 1405 4101 ad
1494 4047 1655 4115 pable
1692 4047 1759 4098 de
1774 4048 1928 4116 jom‘r.
