2667 4475
763 286 1302 359 EPISTULA
1348 288 1590 357 XCV.

2122 290 2249 363 113

97 426 256 517 qui.
307 414 593 491 Memini
641 418 848 489 fuisse
891 416 1232 511 quondam
1283 419 1361 486 in
1410 440 1719 487 sermone
1772 420 2070 491 nobilem
2132 446 2256 515 pa-

93 542 392 622 tinam¹,
427 537 502 604 in
537 558 740 627 quam
767 584 786 617 ,
829 532 1170 626 quidquid
1203 533 1393 627 apud
1426 534 1643 603 lautos
1692 536 1863 605 solet
1906 535 2087 606 diem
2124 538 2256 607 dua

97 660 336 737 eere²,
364 675 742 747 properans
761 652 834 719 in
857 649 1179 719 damnum
1206 664 1401 719 suum
1418 642 1441 687 ³
1492 654 1745 745 popina
1790 671 2251 748 congesserat:

99 761 446 839 veneriae⁴
478 764 968 861 spondylique,
1003 779 1072 833 et
1103 780 1326 833 ostrea
1358 781 1636 834 eatenus
1654 768 2047 837 circumcisa
2066 818 2085 851 ‚
2126 794 2261 862 qua
2312 806 2374 862 27

103 885 437 965 eduntur,
463 878 1079 951 intervenientibus
1099 878 1697 973 distinguebantur
1716 882 2021 968 echini„
2054 899 2260 951 totam

103 999 418 1068 destricti
436 988 460 1031 ⁵
516 998 666 1065 sine
717 995 880 1063 ullis
935 993 1201 1063 ossibus
1244 994 1441 1063 mulli
1484 1011 2021 1065 constraverant.
2065 1000 2267 1093 Piget

99 1118 250 1209 jam
285 1138 433 1183 esse
471 1105 816 1206 singula⁶3
857 1125 1194 1203 coguntur
1239 1112 1312 1179 in
1352 1134 1565 1179 unum
1600 1134 1919 1205 sapores;
1964 1115 2041 1181 in
2072 1138 2267 1183 eoena

107 1234 190 1302 fit
209 1282 232 1316 ,
273 1228 464 1325 quod
511 1230 666 1298 fieri
714 1224 924 1297 debet
976 1242 1204 1297 saturo
1247 1228 1326 1295 in
1360 1234 1641 1297 ventre⁷

179 1469 226 1503 1.
239 1450 659 1522 Meminism‘sse
681 1446 950 1519 quondam
967 1451 1025 1501 in
1039 1466 1144 1501 set·-

110 1534 632 1597 mone....patinam.
659 1522 865 1579 'Omnes
907 1526 1056 1579 codd.
1096 1529 1145 1579 et'

111 1608 359 1662 eddalant
370 1609 424 1657 e'n
433 1622 696 1669 sermone‚·
714 1613 765 1656 at
777 1605 1006 1657 Muretus
1024 1624 1146 1657 con-

111 1685 364 1757 iecturam
386 1681 624 1735 Pinciani
638 1681 852 1755 recepit:
873 1683 1144 1751 quondam

109 1764 418 1829 AEsope‘eap.
429 1760 570 1829 enjus
583 1758 817 1812 meminit
831 1756 1041 1825 Plinx,
1056 1776 1139 1828 7²3

113 1838 330 1899 XXXV,
349 1838 418 1903 46
427 1874 446 1899 ‚
473 1848 564 1888 ete.
577 1836 679 1889 sed
694 1826 826 1888 nihil
840 1834 1142 1887 mutandum

113 1914 462 1967 est—Errant
478 1952 494 1978 ,
517 1913 603 1983 qui
629 1916 868 1965 Nostrum
884 1912 946 1965 de
961 1908 1146 1985 AEsopi

113 1994 287 2067 patina
305 2034 323 2061 ,
360 1992 503 2063 cujus
527 1990 760 2043 meminit
787 1988 928 2045 Plin.
953 1990 1030 2052 X,
1056 2011 1116 2057 7²
1137 2009 1150 2053 ς

113 2072 354 2139 XXXV,
388 2070 476 2137 46,
511 2069 758 2141 cogitasse
797 2080 974 2142 putent
1009 2086 1024 2120 z
1060 2066 1148 2120 illa

112 2154 252 2206 enim
279 2149 484 2213 avium,
509 2148 618 2199 baee
643 2146 856 2217 piscium
881 2158 998 2199 erat.
1031 2144 1103 2197 R.

181 2254 228 2284 α.
253 2229 420 2292 DIem
438 2230 632 2282 ducere.
655 2228 780 2280 Non
797 2239 940 2280 muto
957 2263 972 2292 ,
995 2239 1044 2278 et
1066 2226 1148 2278 in·

117 2311 298 2380 telligo
331 2308 468 2360 diem
505 2305 700 2360 extrahi
728 2305 881 2358 variis
905 2303 1109 2357 ferculis
1129 2341 1144 2368 ,

117 2405 168 2442 ct
191 2407 396 2442 scenam
425 2385 491 2438 ita
511 2384 759 2457 longioris
779 2395 934 2436 coenae
952 2381 1148 2434 instrui.

121 2469 180 2521 Si
203 2481 374 2520 tamen
394 2465 530 2536 legas
546 2466 714 2515 solent
727 2463 982 2523 diducere,
1011 2459 1149 2512 haud

125 2544 434 2618 improbem.
447 2543 597 2608 Lips.

185 2623 236 2675 3.
267 2621 570 2689 Proper-ans
611 2619 670 2670 e'n
701 2618 960 2668 damnum
991 2622 1148 2665 suum

115 2720 240 2770 pop.
279 2699 325 2750 1.
355 2717 399 2750 e.
425 2717 528 2768 quo
558 2694 822 2749 delicatior
853 2704 924 2743 est
957 2689 1150 2743 condi-

121 2792 234 2830 tura
271 2787 321 2828 et
356 2795 436 2827 ars
467 2774 652 2844 coqui,
681 2793 742 2825 eo
771 2769 987 2824 celerior
1011 2789 1147 2822 mors

119 2855 288 2909 aderit
310 2868 488 2904 eorum
505 2891 518 2917 ,
541 2853 598 2903 in
622 2867 843 2922 quorum
867 2867 1014 2899 usum
1044 2847 1148 2899 cibi

117 2940 445 3006 apparantur.
473 2927 650 2981 Ruhk.

187 3012 236 3075 4.
277 3009 342 3060 V
334 3007 520 3061 επεν-ἔα
535 3039 550 3070 ,
611 3005 963 3074 spondylique.
1007 3001 1148 3072 Quid

119 3086 330 3162 proprie
345 3081 584 3147 veneria,
599 3082 768 3134 nescio
783 3098 795 3133 :
811 3097 878 3132 an·
888 3079 1149 3134 conchula

119 3168 314 3237 aliqua
345 3164 449 3216 boe
473 3161 686 3214 nomine
701 3200 717 3225 ,
750 3159 869 3232 quia
891 3161 1066 3211 Venus
1085 3158 1150 3210 iis

121 3241 310 3298 vecta?
343 3244 487 3296 Inter
516 3239 674 3310 pisces
697 3239 908 3309 quidem
931 3245 1075 3302 sunt,
1105 3249 1156 3290 ct.

119 3323 296 3378 Plinii
317 3317 614 3372 melioribus
639 3317 782 3370 libris
825 3315 1156 3368 nominantur

121 3405 180 3456 in
199 3398 538 3469 xxx11,cap.
551 3411 625 3448 xt.
640 3394 898 3466 Spondyli
913 3405 1080 3446 autem
1101 3393 1154 3445 in

125 3479 316 3534 eodem
334 3475 448 3528 loeo
464 3473 815 3534 nominantur,
826 3485 874 3522 et
893 3471 1154 3524 Macrobio

121 3559 262 3610 inter
287 3552 508 3606 lautitias
526 3589 540 3614 ,
561 3552 614 3602 in
633 3569 773 3603 eoena
796 3548 1054 3621 pontificia
1081 3549 1158 3600 111

125 3629 505 3694 Saturnalium,
522 3627 748 3681 Martiali
765 3625 850 3678 lib.
868 3627 990 3680 vll.
1008 3626 1156 3701 Epig.

125 3727 265 3765 xvn.
309 3709 462 3778 Lr'ps.
487 3733 554 3748 --
569 3706 728 3760 Vides
765 3704 848 3757 bic
885 3723 1084 3758 cernam
1130 3724 1158 3757 e

125 3789 444 3843 conebarum
462 3783 672 3838 diversis
691 3781 960 3857 generibus
972 3795 1021 3834 et
1029 3780 1160 3834 mul·

123 3870 190 3922 lis
209 3909 226 3934 ,
256 3867 491 3939 adeoque
517 3885 544 3917 e
569 3863 786 3938 piscibus
817 3861 1030 3914 marinis
1054 3873 1158 3915 tam

124 3945 402 4000 artificiose
440 3954 728 4016 apparatam
747 3977 762 4006 ,
798 3953 856 3992 ut
885 3957 1064 3993 omnes
1097 3939 1158 3992 hi

118 4024 317 4098 pisces,
341 4029 583 4092 quamvls
607 4018 796 4074 diversi
820 4017 1041 4098 saporis,
1071 4029 1159 4070 ta-

377 4119 498 4187 lv.

1700 1255 1719 1295 ι
1768 1246 2081 1323 exspecto
2122 1232 2265 1323 jam

1241 1464 1363 1499 meu
1395 1445 1453 1499 in
1477 1466 1641 1501 unum
1678 1448 2023 1521 eumdemque
2040 1469 2271 1523 saporem

1242 1524 1374 1577 versi
1394 1524 1497 1577 sint
1514 1562 1529 1586 ,
1549 1538 1696 1596 atque
1720 1526 1899 1599 partim
1921 1540 2127 1590 natura,
2145 1549 2273 1600 par-

1243 1602 1336 1653 tim
1370 1602 1634 1655 conditura
1659 1618 1717 1657 ac
1744 1616 1948 1657 coctura
1985 1604 2051 1658 ita
2084 1606 2273 1659 moniti

1243 1692 1294 1731 et
1317 1679 1461 1733 mixti
1477 1719 1493 1746 ‚
1520 1692 1577 1735 ut.
1596 1682 1744 1735 nulla
1764 1682 1995 1737 dentium
2016 1704 2167 1757 opera
2188 1686 2275 1738 in·-

1244 1750 1481 1830 digcrent
1498 1758 1743 1813 convivae.
1757 1760 2163 1835 Descriptionem
2183 1782 2277 1815 au·

1242 1847 1345 1888 tem
1373 1837 1735 1891 accuratiorem
1762 1837 1825 1891 ab
1856 1838 2044 1912 Apiciis
2068 1840 2273 1894 urbium

1249 1916 1613 1971 maritimarum
1652 1932 1807 1991 petas.
1840 1919 2071 1973 Muretus
2103 1918 2275 1974 laudat

1248 1994 1614 2049 Rondcletium
1636 1995 1725 2049 lib.
1752 1997 1805 2047 ΙΙ
1832 1996 1893 2049 de
1918 1998 2142 2050 testaceis
2166 2018 2275 2071 cap.

1247 2088 1425 2126 xxxxv.
1456 2074 1637 2131 Ruhlae.

1315 2154 1362 2203 5.
1397 2152 1587 2205 Totam
1612 2154 1842 2207 destricti
1860 2154 1948 2219 (se.
1968 2154 2160 2209 ossibus
2182 2174 2276 2207 ea-

1247 2229 1437 2298 tractis)
1461 2234 1573 2284 sine
1589 2235 1711 2285 uuis
1733 2234 1937 2286 ossibus
1954 2271 1969 2298 ,
1990 2246 2081 2286 etc.
2100 2232 2275 2304 Vulgo

1247 2306 1371 2360 olim
1392 2311 1517 2360 torti
1532 2311 1875 2380 distracte'que
1890 2333 1948 2363 ex
1972 2311 2050 2364 ed.
2068 2313 2138 2366 R.
2154 2312 2276 2363 (lein

1247 2387 1371 2436 torti
1397 2387 1718 2476 districtique
1750 2383 1831 2438 edss
1854 2380 2023 2439 Ruhk.
2052 2388 2277 2440 Probavi

1247 2473 1442 2524 totam,
1458 2471 1525 2515 sc.
1542 2476 1763 2536 patinam
1778 2505 1793 2532 ,
1812 2464 1949 2534 quod
1975 2484 2089 2516 cum
2116 2459 2277 2521 eth‘.

1245 2538 1400 2591 dabat
1422 2558 1515 2591 ms.
1557 2559 1610 2591 a.
1650 2541 1789 2593 Tum
1824 2545 2057 2595 deslre‘cte’
2088 2543 2277 2616 absque

1245 2617 1427 2690 copula
1448 2638 1505 2670 ex
1524 2619 1741 2692 conject.
1765 2620 1955 2694 scripsi.
1972 2623 2168 2676 Vitiose
2185 2627 2276 2678 de-

1245 2699 1524 2764 structique
1555 2715 1649 2749 ms.
1678 2717 1731 2748 a.
1752 2695 2104 2769 Distinctique
2123 2721 2165 2754 c.
2200 2704 2273 2755 A.

1245 2773 1589 2842 Distra‘cte'que
1614 2775 1724 2827 Pal.
1754 2796 1796 2827 r.
1824 2789 1872 2828 et
1897 2777 2043 2831 Pinc.
2066 2779 2229 2834 Schw.

1310 2848 1360 2904 6.
1384 2851 1541 2921 Piget
1553 2855 1670 2918 jam
1691 2873 1803 2908 esse
1824 2857 2054 2923 singula.
2086 2849 2167 2910 De
2194 2850 2274 2912 bis

1245 2926 1317 2980 sic
1333 2925 1629 2982 Gronovius
1644 2945 1657 2981 τ
1671 2929 1838 2983 nescio
1854 2931 1978 3001 quid
1996 2931 2059 2984 de
2080 2937 2278 3000 pituila'

1245 3006 1332 3060 bie
1374 3010 1605 3080 ingerere
1655 3007 1811 3062 libros
1858 3010 1959 3080 jam
1994 3011 2279 3064 observavit

1247 3083 1505 3135 Erasmus.
1536 3084 1820 3158 Pei-placet,
1848 3087 1987 3156 quod
2016 3087 2073 3138 in
2105 3107 2278 3140 mem-

1247 3159 1419 3214 branis
1442 3159 1735 3214 invenimus
1758 3173 1807 3214 et.
1830 3183 1885 3217 cx
1908 3165 2017 3218 Pal.
2050 3167 2277 3219 secundo

1249 3235 1517 3291 annotavit
1546 3238 1818 3305 Gruterus,
1857 3241 2013 3312 Piget
2034 3262 2145 3296 esse
2158 3247 2279 3310 jam

1247 3319 1500 3384 pituitam
1552 3321 1781 3387 singula.
1824 3316 2065 3392 Oportuit
2102 3323 2277 3376 omnia

1254 3395 1406 3448 simul
1420 3395 1637 3464 misceri,
1650 3409 1704 3450 ut
1720 3397 1977 3451 fastidium
1994 3400 2126 3472 gulae
2140 3414 2280 3455 tanta

1255 3473 1399 3548 copia
1419 3475 1609 3548 pituitae
1624 3476 1901 3528 satiaretur.
1916 3504 1984 3517 —
1998 3479 2279 3549 Aequiesco

1254 3551 1458 3624 vulgata
1480 3570 1492 3603 :
1515 3551 1792 3622 Pigetjam
1815 3569 1928 3607 esse
1951 3552 2007 3622 (ἶ.
2036 3578 2080 3610 e.
2106 3577 2281 3611 come-

1254 3631 1406 3698 dere)
1445 3634 1655 3698 singula
1686 3653 1701 3684 .·
1735 3645 1987 3702 coguntur
2024 3639 2079 3688 e’n
2116 3655 2279 3690 mmm

1256 3727 1485 3776 sapores.
1509 3707 1689 3761 Ruhk.

1328 3807 1372 3857 7.
1400 3782 1564 3855 Quod
1556 3787 1694 3856 βενε·
1713 3789 1861 3842 debet
1880 3801 2064 3846 saturo
2082 3795 2136 3844 t'n
2158 3805 2279 3846 ven·

1257 3871 1347 3916 tre.
1372 3862 1510 3931 Quia
1550 3883 1734 3916 munus
1767 3877 1839 3917 est
1873 3869 2117 3922 stomachi
2146 3889 2280 3922 con—

1256 3952 1421 4012 gestos
1448 3937 1586 3994 cibos
1608 3939 1666 3992 in
1688 3959 1849 3994 unuin
1888 3963 2104 4016 coquere
2131 3957 2179 3998 et
2206 3945 2279 3998 sie

1264 4037 1441 4071 eorum
1470 4037 1673 4091 sapores
1699 4021 1923 4074 miscere.

1926 4117 1966 4180 8
