2667 4475
801 340 1348 410 EPISTOLA
1397 340 1561 409 xc,
2170 372 2245 435 ‚9

107 510 138 545 ιι
181 477 308 545 Illa
335 526 354 559 ,
389 476 616 567 inquit
643 524 664 559 ,
701 496 968 567 sparsos
993 522 1012 553 ‚
1059 486 1130 538 et
1159 486 1278 539 aut
1313 472 1497 541 cavis
1546 486 1757 541 tectos
1782 478 1833 557 ¹,
1875 488 1993 541 aut
2017 474 2248 566 aliqua

103 620 270 688 rupe
321 594 605 662 suffossa
643 642 664 676 ,
707 607 823 659 aut
877 610 1085 659 exesae
1138 588 1406 657 arboris
1450 604 1692 657 trunco
1720 640 1739 670 ,
1794 588 2025 659 docuit
2072 608 2247 660 tecta

105 712 358 778 moliri.
393 736 427 773 n
473 712 618 803 Ego
647 732 810 775 vero
849 704 1347 800 philosophiam
1378 703 1615 797 judico
1652 729 1790 772 non
1820 708 2035 797 magis
2061 732 2250 775 exeo·
2300 746 2325 797 7

111 831 362 921 gitasse
403 827 528 893 has
565 824 1100 893 machinationes
1135 838 1467 889 tectorum
1506 846 1711 917 supra
1746 802 1925 891 tecta
1960 848 2250 918 surgen-

107 946 270 1011 tium
289 994 315 1028 ,
347 960 422 1010 et
445 942 718 1009 urbium
745 940 951 1008 urbes
977 940 1429 1031 prementium
1449 942 1506 1023 ²,
1549 962 1749 1029 quam
1784 940 2037 1007 vivaria
2056 933 2081 973 ³
2112 941 2254 1031 pis-

107 1063 286 1129 cium
339 1062 412 1127 in
457 1060 590 1127 hoc
631 1057 820 1125 clusa
843 1107 860 1137 ,
917 1069 992 1123 ut
1031 1070 1499 1148 tempestatum
1539 1055 1846 1148 pericula
1868 1080 2009 1123 non
2034 1056 2255 1123 adiret

112 1174 264 1268 gula
292 1223 312 1255 ‚
369 1191 436 1241 et
465 1224 482 1254 ,
539 1172 847 1263 quamvis
901 1172 1231 1237 acerrime
1281 1170 1527 1263 pelago
1569 1172 1919 1252 saeviente,
1970 1170 2257 1238 haberet

107 1291 376 1357 luxuria
409 1302 644 1380 portus
675 1310 832 1353 suos
858 1336 876 1366 ,
915 1286 988 1351 in
1025 1283 1276 1374 quibus
1307 1282 1659 1355 distinctos
1692 1286 1979 1379 piscium
2012 1308 2257 1377 greges

109 1408 473 1500 saginaret.
509 1402 700 1493 Quid
731 1402 886 1469 ais?
916 1399 1359 1492 Philosophia
1398 1400 1631 1468 docuit
1666 1400 1975 1469 homines
2000 1401 2257 1469 habere

109 1524 366 1592 clavem
423 1537 492 1589 et
528 1521 793 1588 seram?
845 1522 929 1585 Et
977 1516 1148 1609 quid
1189 1516 1377 1583 aliud
1417 1532 1601 1599 erat,
1647 1519 1949 1585 avaritiae
1986 1518 2257 1611 signum

109 1702 240 1743 retus
284 1700 440 1741 recte.
483 1689 722 1739 Erasmus
763 1698 812 1737 et
849 1685 938 1737 alii
975 1702 990 1736 ε
1037 1686 1132 1734 illi.

113 1767 362 1819 Gruterus
394 1764 522 1835 quid
554 1764 652 1816 sibi
683 1764 807 1815 velit
839 1765 994 1815 illam
1027 1780 1136 1812 non

109 1846 224 1898 satis
261 1844 462 1913 assequi
497 1864 550 1895 se
585 1843 782 1895 fatetur.
813 1842 1010 1893 Sensus‘
1034 1851 1134 1891 est:

109 1945 215 1977 non
254 1924 484 1976 concedo
523 1922 625 1973 illis
662 1920 850 1974 artibus
872 1918 1134 1972 vilioribus

110 2004 322 2074 gloriam
341 2042 357 2065 ,
389 2002 518 2073 ipsas
541 2018 744 2071 quoque
773 2018 876 2051 esse
904 1999 1134 2049 inventas

113 2102 139 2131 a
171 2077 511 2152 philosophia.
543 2080 820 2129 Assertam
851 2094 940 2148 per
969 2074 1134 2147 plures

113 2158 223 2209 edd.
243 2168 582 2229 propagatum
611 2153 806 2205 sustuli.

175 2257 220 2288 ι.
241 2234 322 2288 Et
339 2245 441 2287 aut
455 2234 598 2287 cavis
620 2242 788 2286 tectos.
807 2230 956 2284 Hanc
975 2230 1136 2303 Lipsii

113 2325 160 2364 et
182 2313 416 2366 Gronov.
440 2309 783 2381 conjecturam
799 2349 816 2372 ‚
839 2321 886 2359 et
909 2327 1136 2380 sequen-

113 2391 238 2443 tibus
253 2387 473 2441 auctoris
489 2386 658 2439 verbis
670 2386 857 2458 optime
872 2400 1133 2438 consenta-

113 2487 278 2531 neam,
299 2481 351 2520 et
363 2465 668 2536 scriptorum
681 2464 992 2518 dationibus
1009 2485 1136 2518 cau-

114 2549 274 2606 casis,
288 2546 530 2598 maculis
547 2581 563 2605 ‚
577 2547 754 2596 causis
769 2579 786 2608 ,
803 2545 960 2608 casis,
980 2559 1136 2612 qnam

112 2623 327 2676 maxime
367 2622 708 2694 propinquam
761 2639 854 2671 nos
896 2618 1136 2672 omnibus

113 2701 226 2753 aliis
247 2701 565 2772 praetulimus
585 2739 601 2765 ‚
621 2718 742 2769 quas
769 2711 936 2750 tamen
969 2697 1138 2770 legere

111 2795 266 2834 vacat.
280 2777 620 2848 —Ruhkopfi
643 2778 729 2830 dat
745 2787 792 2829 et
811 2795 840 2828 e
863 2778 1138 2830 Caueasie‘s

112 2865 280 2914 lectos.
299 2859 514 2930 Recepi,
533 2857 703 2928 inquit
715 2895 729 2919 ,
745 2868 942 2908 secutus
961 2871 1138 2906 omnes

113 2941 212 2992 sere
229 2939 381 2993 codd.
395 2955 520 2989 mss.
537 2936 625 3006 qui
643 2954 672 2986 e
687 2937 942 2988 Caucasis
955 2937 1106 2986 lectos
1119 2968 1135 2996 ‚

111 3038 150 3070 s.
172 3019 432 3072 Caucasis
460 3019 496 3067 1.
515 3033 553 3065 s.
572 3033 602 3066 e
614 3015 846 3066 causalis
866 3014 902 3064 Ι.
917 3011 1134 3064 habent:

113 3093 254 3165 quod
273 3113 432 3164 quum
451 3091 668 3144 editores
691 3089 756 3142 ad
779 3109 940 3142 uuum
957 3110 1136 3143 omnes

111 3193 218 3225 non
249 3180 566 3244 exputassent
583 3208 600 3232 ,
636 3179 886 3220 mutatum
933 3180 1006 3218 est
1038 3167 1090 3219 in
1119 3185 1134 3219 ε

112 3269 327 3321 sparsos·
341 3271 370 3304 e
387 3253 546 3302 casis.
565 3249 824 3309 Erasmus,
845 3267 1000 3318 quem
1017 3249 1137 3301 Mu-

111 3343 246 3382 retus
279 3341 479 3381 secutus
503 3339 577 3380 est
597 3364 612 3390 ,
651 3327 944 3380 emendavit
974 3347 1136 3396 span-

111 3427 198 3460 sos
221 3421 278 3461 el
297 3411 496 3462 casulis
517 3417 672 3461 tectos
694 3419 998 3477 :utrumque
1021 3427 1136 3479 per-

113 3507 286 3559 peram
303 3528 318 3552 ,
359 3487 777 3558 quandoquidem
809 3499 936 3538 tecta
971 3486 1142 3539 moliri

113 3566 350 3618 nondum
361 3565 602 3618 callerent
612 3566 760 3638 primi
773 3563 1024 3616 homines.
1036 3563 1142 3616 Sed

115 3645 252 3696 enim
269 3643 576 3696 Posidonius
594 3645 656 3696 de
674 3641 984 3697 Prometheo
1003 3642 1141 3712 cogi-

113 3733 238 3774 tasse
263 3721 510 3774 dicendus
535 3734 634 3788 est,
659 3741 812 3792 quem
834 3741 891 3771 cx
908 3719 1140 3792 AEschyl.

116 3799 291 3852 Prona.
315 3798 412 3862 446
430 3819 506 3870 sq.
525 3813 574 3851 et
589 3799 766 3850 multis
787 3797 898 3850 aliis
915 3809 1150 3848 veterum*

117 3874 276 3940 locis,
312 3894 422 3946 quae
453 3877 618 3928 sciens
655 3875 882 3928 omittam
901 3911 916 3937 ‚
946 3873 1144 3944 liquido

119 3965 344 4018 constat,
378 3953 512 4006 circa
551 3953 836 4006 Caucasum
870 3950 1000 4003 tradi
1035 3950 1146 4001 hu·-

117 4030 415 4084 manitatem
461 4029 736 4084 excoluisse
779 4043 829 4081 et
871 4028 1145 4104 presertim

122 4106 394 4161 caucasios
419 4108 697 4162 edocuisse.
735 4109 859 4170 Τοὺς
901 4108 1146 4176 σποράδας

1232 1686 1308 1737 καὶ
1327 1688 1378 1737 ἔκ
1394 1690 1483 1738 τῶν
1502 1688 1777 1739 Καυκασίων
1796 1687 2031 1749 falcato-203
2053 1688 2259 1739 fortasse

1231 1762 1492 1835 scripserat
1504 1764 1831 1830 Posidonius,
1847 1764 1995 1817 docte
2013 1764 2259 1835 opinione

1231 1839 1320 1891 illa
1346 1841 1409 1893 de
1433 1842 1607 1894 Prom.
1636 1842 1911 1914 sapientia,
1936 1862 2039 1912 qua
2065 1842 2129 1894 dc
2154 1841 2261 1894 ho·—

1231 1917 1457 1969 minibus
1474 1918 1690 1983 meruit,
1718 1918 1770 1971 in
1794 1938 1941 1971 usum
1965 1940 2111 1972 suum
2136 1940 2259 1971 con-

1233 2015 1391 2046 versa.
1410 2024 1472 2035 —-
1491 1991 1789 2067 Schweigh.
1805 1997 1893 2048 dat
1905 2006 1957 2049 et
1973 2001 2168 2050 causiis
2184 2006 2263 2049 te-

1231 2084 1351 2125 ctos.
1378 2074 1451 2126 Ut
1480 2074 1681 2127 Erasini
1710 2087 1759 2127 et
1784 2076 1992 2129 Gruter-i
2018 2078 2215 2130 codices
2238 2114 2255 2141 ,

1235 2150 1406 2222 inquit
1424 2190 1439 2216 ,
1468 2153 1537 2205 sic
1561 2166 1610 2204 et
1634 2154 1796 2206 nostri
1828 2154 1947 2207 libri
1983 2156 2165 2209 vitiose
2194 2174 2208 2209 z
2234 2175 2262 2208 e

1231 2235 1409 2284 causis
1445 2234 1597 2285 lectos
1632 2232 1711 2285 ed.
1742 2232 1845 2300 R.,·
1874 2256 1901 2288 e
1925 2239 2070 2289 casis
2098 2237 2251 2288 lectos

1233 2310 1313 2362 ed.
1346 2311 1513 2372 Ven.;
1556 2331 1585 2364 e
1616 2315 1855 2366 caucasis
1886 2316 2042 2365 lectos
2082 2313 2163 2365 ed.
2187 2314 2259 2366 A.

1231 2401 1280 2440 et
1318 2408 1411 2440 ms.
1443 2406 1520 2453 c.,·
1556 2400 1605 2440 et
1624 2393 1816 2442 casulis
1845 2400 1997 2442 tectos
2033 2410 2090 2442 ex
2126 2409 2261 2442 con-

1229 2465 1344 2535 ject.
1364 2465 1444 2517 ed.
1469 2467 1667 2518 Erasm.
1694 2467 1830 2519 Mur.
1849 2480 1898 2517 et
1914 2467 2076 2538 Lips.;
2100 2480 2152 2520 et
2168 2481 2265 2520 aut

1229 2545 1373 2594 cacis
1390 2549 1547 2594 tectos
1575 2543 1655 2596 ed.
1678 2544 1844 2596 Gron.
1866 2563 1925 2594 ex
1948 2545 2103 2616 Lipsii
2127 2565 2263 2597 con-

1233 2621 1349 2691 jeet.
1373 2641 1387 2683 ;
1414 2631 1463 2671 et
1486 2639 1515 2672 e
1540 2623 1815 2674 Caucash's
1836 2623 2013 2684 lectos,
2036 2634 2091 2674 ut
2110 2621 2262 2674 unice

1232 2719 1411 2753 verum
1428 2743 1441 2762 ,
1488 2713 1657 2752 tuetur
1692 2701 1862 2753 Ruhk.
1901 2701 2013 2774 Ego
2050 2721 2161 2754 mea
2198 2702 2261 2754 de

1235 2779 1447 2851 conject.
1464 2789 1513 2832 et
1531 2781 1726 2832 caus-iis
1744 2787 1898 2832 tectos
1915 2779 2104 2850 scripsi.
2128 2779 2263 2830 Cau-

1233 2866 1320 2914 sia
1345 2873 1511 2914 autem
1549 2857 1656 2912 non
1694 2853 1861 2913 solum
1894 2859 2184 2926 vocabatur,
2208 2872 2265 2912 ut

1235 2937 1601 3012 Lexicographi
1642 2951 1833 2991 veteres
1874 2939 2061 2992 docent
2079 2978 2094 3004 ,
2134 2941 2269 3007 pilei

1235 3019 1499 3072 barbarici
1509 3036 1706 3086 genu-u
1733 3020 1821 3072 sed
1848 3020 2027 3071 eodem
2052 3020 2263 3071 nomine

1233 3096 1385 3150 etiam
1406 3095 1781 3168 intelligebatur
1802 3099 1885 3164 (ut
1902 3116 1961 3148 ex
1970 3097 2150 3170 Veget.
2164 3098 2261 3162 IV,

1236 3179 1316 3242 15,
1329 3175 1595 3241 discimus)
1613 3179 1769 3228 vinea
1784 3175 1889 3227 sive
1902 3176 2262 3244 crates-ltaque

1235 3255 1291 3307 in
1317 3254 1433 3307 loco
1456 3254 1579 3306 huic
1606 3253 1845 3324 parallelo
1878 3253 2065 3326 (paulo
2092 3251 2225 3304 infra
2243 3292 2259 3318 ,

1237 3335 1267 3402 S
1297 3353 1312 3384 t
1325 3335 1389 3398 5)
1408 3330 1500 3385 ubi
1516 3332 1579 3384 ad
1596 3331 1733 3383 idem
1754 3337 2115 3404 argumentum
2134 3330 2267 3383 redit

1237 3423 1437 3472 auctor,
1459 3409 1529 3461 ait
1552 3429 1565 3463 ε
1595 3409 1749 3480 Quid
1766 3429 1887 3479 ergo
1902 3409 1933 3463 ?
1955 3429 2057 3461 non
2080 3431 2265 3478 quam-

1237 3488 1365 3540 libet
1385 3491 1619 3556 virgeam
1640 3494 1831 3540 cratem
1852 3495 2132 3538 texuerunt
2152 3507 2266 3538 ma-

1239 3583 1311 3616 nu
1327 3565 1359 3617 ?
1380 3563 1680 3633 Eodemque
1696 3563 1952 3636 pertinent
1970 3567 1988 3628 (
2006 3563 2109 3632 39)
2128 3567 2267 3631 spis-

1239 3652 1364 3694 sata
1397 3644 1655 3702 ramalia,
1696 3641 1925 3711 acsmns
1956 3652 2193 3709 congesta
2217 3652 2269 3694 et

1238 3721 1295 3777 in
1320 3721 1543 3788 proclive
1566 3720 1845 3786 disposita.
1870 3717 2033 3770 Schw.
2263 3732 2277 3786 χ

1307 3817 1355 3848 2.
1394 3796 1471 3848 Et
1500 3795 1709 3848 urbium
1738 3797 1886 3848 urbes
1906 3799 2265 3868 prementium.

1242 3874 1327 3927 Sic
1356 3873 1609 3927 Gronovii
1635 3886 1683 3925 et
1705 3874 1930 3944 quinque
1952 3872 2093 3926 Grut.
2117 3871 2279 3950 codd.⁸

1243 3970 1361 4003 cum
1389 3950 1583 4002 Erasm.
1622 3961 1670 4001 et
1700 3949 1820 4002 edit.
1847 3947 1945 4000 (tet.
1974 3952 2137 4000 Antea
2173 3965 2186 3999 z
2217 3959 2270 3999 et

1243 4029 1395 4082 urbes
1416 4033 1774 4095 prementium.
1792 4028 1973 4080 Ruhlc.

1311 4105 1358 4156 3.
1384 4105 1629 4159 Vae‘varia.
1650 4107 1772 4157 Jam
1791 4103 1983 4155 Tibull.
2006 4105 2055 4154 ll
2071 4143 2085 4170 ,
2111 4105 2141 4156 3
2158 4144 2171 4171 ,
2192 4107 2255 4170 45
