2667 4475
747 384 1254 454 EPISTOLA
1302 382 1543 454 CXX.-
2098 394 2221 459 321

63 522 168 590 tia
233 518 456 587 tristis
509 516 826 609 excepit3
895 520 1112 585 civem
1159 540 1306 585 esse
1358 540 1431 585 se
1478 519 1786 587 universi
1831 533 1901 588 et
1947 520 2231 591 militem

61 634 448 716 credem',
495 632 802 716 laboreS,
863 633 1052 701 velut
1110 635 1478 726 imperatos
1506 684 1527 716 ‚
1578 634 1813 703 subiit.
1868 634 2231 727 Quidquid

62 750 454 832 inciderat,
489 773 627 817 non
673 764 992 840 tanquam
1049 747 1292 817 malum
1332 766 1731 843 aspernatus
1766 767 1903 836 est,
1950 768 2016 820 et
2053 754 2119 819 in
2161 778 2233 822 se

59 892 238 937 casu
290 866 584 935 delatum
611 916 628 947 ‚
681 864 800 933 sed
853 866 1044 956 quasi
1091 866 1475 960 delegatum
1521 867 1653 935 sibi
1688 874 1742 936 ².
1799 871 1947 937 Hoc
1993 870 2235 960 quale-

59 1006 376 1076 cumque
420 998 558 1063 est,
614 982 839 1074 inquit
875 1032 896 1065 ‚
943 1006 1170 1051 meum
1220 998 1324 1050 est
1382 1011 1396 1050 :
1444 1006 1759 1079 asperum
1800 998 1937 1073 eet,
1986 984 2231 1053 durum

59 1100 220 1187 est3
266 1100 338 1167 in
389 1098 524 1167 hoe
569 1100 718 1191 ipso
769 1121 1094 1168 navemus
1141 1090 1491 1191 operam³.
1556 1102 1954 1169 Necessario
2002 1102 2233 1195 itaque

60 1238 370 1322 maguus
425 1212 776 1309 apparuit,
836 1217 956 1307 qui
993 1238 1345 1306 nunquam
1382 1215 1576 1283 malis
1624 1217 2003 1308 ingemuit,
2044 1240 2237 1285 nun-

66 1356 292 1425 quam
332 1331 418 1399 de
457 1331 592 1399 fato
633 1355 752 1399 suo
800 1345 1078 1423 questus
1115 1346 1276 1411 est:
1322 1331 1484 1398 fecit
1536 1332 1767 1399 multis
1809 1332 2233 1402 intellectum

61 1450 182 1517 eui
211 1442 275 1535 ⁴3
313 1462 382 1515 et
414 1469 553 1515 non
592 1446 831 1529 aliter,
881 1471 1084 1538 quam
1127 1447 1200 1513 in
1246 1446 1550 1515 tenebris
1596 1447 1873 1529 lumen,
1925 1447 2227 1565 effulsit3

63 1564 569 1657 advertitque
552 1589 622 1632 m
661 1588 734 1633 ee
774 1564 1074 1631 omnium
1112 1564 1373 1631 animos
1393 1611 1416 1649 ,
1460 1587 1671 1655 quum
1710 1580 1889 1633 esset
1926 1534 2235 1657 placidus

67 1696 142 1748 et
183 1679 404 1761 lenis,
444 1678 762 1746 humanis
803 1670 1234 1768 divinisque⁵
1271 1676 1476 1745 rebus
1512 1680 1772 1771 pariter
1797 1702 2053 1771 aequus.
2090 1681 2232 1747 Ha·

67 1796 290 1865 bebat
320 1795 698 1889 perfeetum
732 1796 1034 1862 animum
1057 1844 1079 1878 ‚
1119 1791 1204 1861 ad
1234 1818 1561 1862 summam
1590 1795 1692 1861 sui
1723 1794 2057 1864 adductus
2077 1846 2095 1878 ,
2127 1821 2237 1864 eu-

69 1936 204 2006 pra
234 1934 436 2003 quam
467 1909 644 1978 nihil
669 1924 772 1979 est
793 1960 812 1993 ‚
839 1910 972 1977 nisi
995 1933 1185 1978 mens
1207 1912 1375 1997 Dei,
1402 1934 1481 1978 ex
1514 1935 1650 2003 qua
1678 1904 1881 2004 pai-⁸⁶
1907 1914 2077 1979 etin
2100 1912 2234 1980 hoc

69 2044 320 2122 pectus
357 2027 638 2095 mortale
678 2024 1004 2109 defluxit3
1047 2025 1232 2118 quod
1278 2050 1629 2118 nunquam
1672 2030 1891 2122 magis
1930 2026 2231 2099 divinum

69 2161 219 2228 est,
265 2168 467 2239 quam
500 2141 620 2211 ubi
655 2140 1127 2211 mortalitatem
1160 2165 1347 2210 suam
1378 2146 1629 2235 cogitat
1653 2196 1671 2226 ‚
1708 2162 1777 2213 et
1802 2146 1928 2212 ecit
1949 2196 1967 2227 ‚
2003 2146 2075 2212 in
2104 2146 2235 2213 hoe

69 2276 317 2330 natum
345 2257 692 2326 hominem
717 2307 735 2337 ‚
770 2271 848 2325 ut
882 2257 1024 2323 vita
1051 2255 1581 2350 defungeretur3
1618 2281 1748 2326 uec
1782 2257 2057 2326 domum
2088 2282 2233 2326 esse

69 2381 216 2448 hoe
247 2363 534 2469 eorpus,
573 2373 694 2442 sed
729 2371 1139 2466 hospitium,
1179 2388 1247 2440 et
1275 2373 1549 2464 quidem
1580 2372 1789 2440 breve
1826 2373 2227 2466 hospitium,

79 2495 274 2590 quod
299 2491 828 2586 relinquendum
852 2505 954 2558 eet
968 2539 987 2572 ,
1013 2489 1133 2556 ubi
1155 2504 1219 2557 te
1241 2513 1512 2583 gravem
1531 2513 1677 2557 esse
1701 2490 1953 2583 hospiti
1968 2489 2227 2559 videas.

175 2613 546 2682 Maximum
570 2659 592 2695 ,
624 2609 900 2700 inquam
924 2657 941 2690 ‚
977 2607 1066 2673 mi
1098 2605 1358 2688 Lucili,
1382 2620 1859 2700 argumentum
1888 2623 1991 2674 eet
2020 2609 2233 2675 animi

71 2731 168 2798 ab
195 2728 436 2797 altiore
465 2726 624 2794 sede
649 2723 989 2794 venientis
1007 2773 1024 2807 ,
1045 2724 1113 2789 ἐἰ
1131 2721 1280 2790 haec
1296 2771 1315 2806 ,
1352 2723 1427 2790 in
1456 2723 1705 2816 quibus
1732 2739 2066 2809 versatur,
2093 2722 2230 2795 hu-

73 2846 274 2915 milia
299 2838 562 2931 judicat
596 2855 666 2910 et
698 2855 1030 2934 augustin
1065 2841 1120 2907 si
1148 2841 1332 2908 exire
1367 2863 1504 2909 non
1538 2841 1801 2911 metuit.
1835 2841 1977 2910 Scit
2005 2840 2186 2910 enim
2206 2892 2225 2925 ,

2292 1124 2353 1191 ¹⁴

2294 2047 2349 2097 15

74 2987 218 3056 quo
255 2947 554 3028 exitui-us
581 2961 701 3042 sit,
737 2959 894 3049 qui,
929 2956 1113 3025 unde
1140 2960 1442 3040 venerit,
1481 2959 1815 3027 meminit.
1852 2961 2003 3026 Non
2032 2958 2228 3026 vide-
2284 2985 2341 3038 ,6

73 3215 98 3266 1
116 3252 134 3279 ,
157 3212 188 3275 4
205 3249 221 3274 ,
249 3228 266 3260 ι
291 3227 364 3277 sq.
389 3205 467 3257 ed.
487 3205 630 3276 Lips-
647 3201 772 3273 ibiq.
796 3215 901 3255 not.
925 3199 1101 3254 Rubk.
1267 3201 1316 3254 3.
1355 3199 1423 3255 In
1453 3202 1545 3256 boc
1577 3206 1693 3271 ipso
1725 3223 1973 3257 navemus
2000 3223 2228 3273 operam.

151 3310 196 3341 ι.
225 3289 394 3340 Civem
426 3303 535 3336 esse
559 3302 615 3336 se
637 3285 862 3335 universi
889 3292 940 3335 et
959 3285 1104 3334 mili-
1205 3279 1498 3334 pronomen
1514 3281 1606 3334 hoc
1622 3293 1753 3334 reete
1772 3281 2025 3352 adjectum
2045 3284 2227 3338 dedere

73 3381 184 3422 tem
209 3365 414 3418 credens
435 3402 450 3428 ,
479 3375 569 3414 ete.
594 3361 880 3433 Respexisse
905 3360 1102 3416 videtur
1198 3377 1252 3410 a.
1274 3357 1345 3411 R.
1367 3370 1417 3411 et
1436 3357 1641 3411 Gruteri
1662 3359 1960 3414 codrSdm.

73 3447 336 3500 Socratem
355 3479 370 3507 ,
397 3459 550 3511 quem
591 3459 698 3492 non
736 3439 1102 3492 Atheniensem
1267 3441 1314 3505 4.
1360 3437 1511 3492 Fecit
1542 3441 1727 3491 multis
1766 3442 2075 3494 intellectum
2121 3447 2224 3494 sm'.

73 3544 130 3576 se
163 3540 268 3574 esse
303 3519 479 3572 dixisse
512 3529 734 3584 constat,
758 3517 846 3569 sed
873 3519 1101 3572 munda-
1199 3515 1387 3568 Multis
1408 3515 1588 3567 virtute
1614 3535 1709 3568 sua
1742 3515 1965 3570 innotuit
1993 3531 2041 3570 et
2066 3518 2227 3572 elatus

77 3620 206 3654 num
224 3634 240 3662 ,
267 3610 315 3650 et
345 3616 397 3649 se
426 3615 538 3648 tum
569 3593 726 3646 milite
755 3614 1100 3668 comparasse:
1197 3595 1359 3647 factus
1392 3604 1480 3645 est·
1518 3593 1697 3645 Ruhk.
1720 3621 1785 3634 -—
1804 3593 2006 3647 Scilicet
2032 3617 2091 3650 eo
2117 3599 2226 3651 viso

77 3681 216 3735 unde
249 3677 354 3731 haec
381 3673 684 3747 comparatio
706 3685 876 3746 postea
899 3673 962 3726 ed
989 3673 1102 3746 cy-
1201 3672 1349 3725 multi
1372 3670 1727 3725 intellexerunt
1750 3672 1876 3743 quid
1900 3687 2025 3727 esset
2050 3675 2226 3728 virtus.

77 3761 221 3814 uicos
239 3755 532 3826 Stoicosque
552 3753 770 3806 devenit.
788 3751 1007 3826 Egregie
1023 3752 1101 3805 his
1266 3753 1312 3801 5.
1340 3749 1617 3802 Humanis
1650 3751 1955 3819 divine'sque.
1982 3752 2151 3825 Vulgo
2176 3766 2229 3807 et

81 3857 194 3892 usus
230 3848 300 3889 est
333 3830 628 3908 Epictetus
616 3851 669 3881 m
707 3828 919 3884 Dissert.
951 3831 1000 3897 1,
1037 3849 1097 3902 9,
1198 3828 1447 3880 humanis
1494 3829 1785 3896 divinisque
1802 3867 1817 3890 ,
1861 3839 2037 3883 contra
2069 3851 2222 3902 quam

77 3917 164 3970 ubi
189 3917 250 3968 cs.
269 3914 458 3986 Uptou.
483 3907 662 3962 Ruhk.
1196 3925 1246 3956 a.
1275 3925 1316 3957 c.
1341 3904 1413 3956 R.
1432 3905 1502 3957 Α.
1524 3903 1686 3958 Schw.

144 4017 186 4047 2.
213 3991 326 4045 Sed
345 3991 504 4062 quasi
526 3987 820 4055 delegatum
842 3985 956 4037 sibi.
971 3985 1100 4038 Ver-
1263 3981 1309 4034 6.
1320 3981 1421 4034 Ex
1435 4002 1541 4048 qua
1554 4001 1685 4050 pars
1700 3993 1749 4035 et
1760 3985 1816 4035 e‘n
1828 3984 1919 4035 hoc
1932 4023 1947 4050 ‚
1964 3999 2053 4037 etc.
2073 3987 2223 4038 stoi-

69 4077 136 4128 tit
153 4073 464 4143 Lagmngt·
448 4107 458 4119 .
493 4065 633 4118 Blae‘s
653 4081 848 4117 comme
865 4084 936 4115 un
949 4064 1101 4115 ordre
1199 4079 1373 4111 corum
1389 4058 1495 4112 haec
1510 4071 1585 4111 est
1597 4059 1793 4132 opinio,
1810 4062 2009 4115 animos
2026 4076 2222 4117 nostros

71 4158 167 4226 qui
180 4155 260 4206 Im'
277 4150 408 4203 ituit
430 4143 656 4198 σάκει-ε’.
1200 4157 1255 4188 ex
1268 4137 1359 4189 illo
1380 4135 1556 4188 divino
1575 4135 1817 4188 delibatos
1836 4157 1955 4190 esse.
1973 4139 2108 4193 Vide
2126 4163 2224 4194 uo-

313 4245 436 4312 IV.
1379 4216 1392 4230 κ
1836 4257 1873 4298 2
1894 4263 1917 4302 1
