2667 4475
372 351 502 415 358

908 347 991 413 L.
1046 346 1403 414 ANNAEI
1450 344 1882 419 SENECAE
2655 292 2657 400 i

2655 404 2657 445 A

368 478 587 545 Huic¹
626 475 1021 571 adjunctum
1056 462 1199 561 est,
1244 504 1279 543 α
1308 480 1380 544 in
1429 478 1631 545 mutis
1665 474 2069 544 animalibus
2112 460 2180 544 et
2222 476 2512 546 infanti-
2655 492 2657 547 A

368 593 497 664 bus
530 618 669 663 non
704 618 878 663 esse.
924 622 957 659 »

470 709 909 803 Quicumque
958 712 1372 802 voluptatem
1422 710 1496 777 in
1546 734 1802 779 summo
1846 726 2108 804 ponunt
2141 760 2158 793 ,
2213 710 2518 778 sensibile

363 821 679 915 judicant
711 830 971 895 Bonum
1004 854 1019 892 :
1052 850 1175 894 nos
1204 840 1439 895 contra
1469 826 1915 918 intelligibile,
1949 828 2067 919 qui
2096 824 2270 895 illud
2293 826 2518 893 animo

371 939 607 1007 damus
631 946 685 1007 ².
725 942 797 1009 Si
832 941 920 1009 de
958 942 1135 1010 bono
1171 966 1406 1009 sensus
1430 940 1826 1033 judicarent
1848 992 1868 1025 ,
1911 942 2168 1009 nullam
2195 940 2522 1033 volupta—

368 1072 505 1123 tem
544 1056 1021 1150 rejiceremus3
1060 1058 1251 1127 nulla
1286 1060 1465 1125 enim
1500 1081 1634 1125 non
1674 1060 1916 1127 invitat
1939 1109 1958 1141 ,
2000 1058 2186 1126 nulla
2217 1082 2360 1125 non
2387 1056 2520 1123 de—

369 1171 570 1241 lectat
606 1200 622 1239 z
661 1190 771 1260 et,
814 1200 853 1243 e
892 1177 1234 1245 contrario
1263 1174 1594 1267 „nullum
1631 1174 1931 1243 dolorem
1967 1174 2275 1243 volentes
2315 1172 2514 1239 subi-

286 1302 318 1351 3
370 1312 637 1376 remus3
674 1291 903 1361 nullus
943 1294 1125 1361 enim
1163 1316 1301 1361 non
1341 1290 1625 1383 offendit
1671 1314 1967 1359 sensum.
2009 1294 2350 1361 Praeterea
2381 1312 2522 1356 non

369 1425 591 1476 essent
621 1408 811 1503 digni
841 1410 1374 1503 reprehensione
1397 1459 1415 1492 ,
1453 1408 1700 1500 quihus
1731 1410 2018 1477 nimium
2045 1388 2357 1502 voluptas
2381 1405 2524 1499 pla-

368 1542 477 1593 cet
499 1577 517 1607 ‚
563 1525 948 1618 quibusque
986 1551 1284 1595 summus
1320 1543 1424 1594 est
1451 1524 1704 1593 doloris
1739 1527 1964 1593 timor.
2010 1527 2219 1616 Atqui
2261 1527 2526 1616 impro-

368 1642 603 1709 bamus
650 1644 825 1737 gulae
866 1668 946 1711 ao
980 1642 1253 1711 libidini
1288 1643 1634 1728 addictos;
1675 1658 1744 1709 et
1775 1643 2274 1710 contemnimus
2312 1640 2469 1708 illos
2497 1691 2516 1721 ‚

372 1760 494 1849 qui
528 1757 707 1825 nihil
734 1759 1030 1827 viriliter
1056 1763 1289 1829 ausuri
1326 1776 1485 1828 sunt
1520 1758 1772 1828 doloris
1807 1776 2016 1827 metu.
2049 1755 2243 1850 Quid
2292 1772 2528 1824 autem

367 1888 698 1963 peccant,
744 1876 799 1940 si
837 1873 1143 1942 sensibus
1170 1926 1187 1955 ‚
1232 1874 1305 1941 id
1357 1892 1501 1957 est,
1553 1874 1902 1967 judicibus
1953 1874 2121 1942 boni
2171 1896 2254 1941 ac
2297 1872 2464 1939 mali
2500 1888 2550 1951 ,·
2656 1868 2657 1877 ’

370 1990 663 2079 parent?
698 1988 806 2057 his
857 1992 1037 2059 enim
1085 1989 1462 2059 tradidistis
1501 1991 1938 2083 appetitionis
1983 2007 2054 2058 et
2093 1990 2270 2085 fugae
2322 1990 2529 2057 arbi-

286 2118 316 2182 4
368 2106 597 2173 trium.
634 2104 769 2173 Sed
794 2102 1156 2175 videlicet³
1194 2108 1398 2174 Ratio
1433 2110 1544 2175 isti
1581 2109 1678 2175 rei
1710 2109 2068 2200 praeposita
2095 2086 2240 2189 est,
2274 2130 2528 2199 quem-

366 2217 727 2288 admodum
787 2217 1032 2288 debeat
1085 2219 1171 2290 de
1227 2222 1408 2302 vita,
1474 2221 2040 2314 quemadmodum
2081 2219 2168 2288 de
2202 2221 2521 2300 Virtute,

367 2335 453 2404 de
479 2339 776 2404 Honesto
796 2387 815 2418 ‚
842 2338 942 2404 sic
960 2352 1029 2404 et
1052 2337 1138 2404 de
1158 2340 1342 2405 Bono
1371 2336 1684 2427 maloque
1709 2386 1728 2416 ‚
1757 2337 2102 2409 constitui.
2136 2337 2304 2404 Nam
2335 2333 2526 2426 apud

368 2455 532 2521 istos
574 2454 913 2520 vilissimae
962 2457 1142 2544 parti
1196 2453 1396 2521 datur
1441 2451 1526 2519 de
1575 2452 1856 2519 meliore
1896 2451 2282 2534 sententia3
2325 2467 2398 2517 ut
2443 2451 2526 2518 de

364 2568 543 2635 bono
579 2569 977 2659 pronuntiet
1017 2594 1281 2648 sensus,
1328 2567 1565 2635 obtusa
1616 2589 1726 2640 res
1762 2583 1830 2634 et
1865 2563 2077 2633 hebes
2099 2615 2122 2646 ,
2165 2581 2234 2632 et
2272 2568 2344 2632 in
2381 2565 2527 2633 ho-

287 2710 315 2760 5
367 2687 550 2753 mine
588 2709 789 2776 quam
839 2687 915 2752 in
956 2685 1107 2752 aliis
1160 2682 1566 2752 animalibus
1618 2679 1902 2750 tardior.
1967 2680 2218 2774 Quid?
2268 2683 2327 2750 si
2369 2683 2528 2774 quis

273 2806 278 2812 “
366 2795 644 2882 vellet⁴‚
671 2824 808 2867 non
828 2802 1041 2868 oeulis
1059 2852 1080 2886 ,
1106 2800 1226 2869 sed
1256 2816 1440 2868 tactu
1459 2791 1512 2881 ⁵,
1542 2799 1804 2865 minuta
1826 2797 2266 2865 discernere?
2287 2795 2526 2865 Subti-

368 2915 499 2981 lior
532 2912 621 2982 ad
662 2912 795 2982 hoc
836 2913 1021 2982 nulla
1068 2915 1246 2983 acies
1274 2965 1292 2999 ‚
1345 2939 1549 3008 quam
1595 2914 1944 2982 oculorum
1975 2965 1992 2998 ,
2030 2928 2098 2980 et
2136 2913 2467 2982 intentior
2498 2963 2518 2992 ‚

371 3185 581 3256 questio
624 3186 755 3238 inter
812 3185 1013 3238 Stoicos
1042 3198 1091 3238 et
1124 3185 1402 3261 Epicureos

370 3283 565 3335 semper
608 3264 793 3334 agitata
815 3303 831 3330 ,
881 3261 1297 3334 quandoquidem
1347 3259 1403 3314 hi

372 3361 626 3394 summum
661 3343 855 3395 bonum
874 3342 1127 3417 voluptate
1147 3379 1162 3406 ,
1187 3342 1292 3394 sive
1323 3345 1404 3394 fe-
1427 3362 1431 3371 ·

374 3419 561 3474 licitate
576 3460 593 3487 ,
618 3433 765 3492 atque
786 3420 915 3474 adeo
935 3420 1180 3486 sensibus,
1202 3419 1280 3472 illi
1296 3439 1402 3474 una

370 3499 557 3552 virtute
578 3519 637 3552 ae
670 3499 885 3573 proinde
908 3499 1100 3552 ratione
1120 3539 1135 3568 ,
1160 3519 1400 3552 sensuum

375 3577 723 3630 dominatione
763 3578 955 3631 exclusa
974 3617 989 3644 ,
1020 3578 1274 3630 contineri
1306 3598 1400 3650 pu-

372 3655 558 3708 tabant.
584 3655 665 3708 De
693 3655 952 3723 Epicureis
985 3657 1048 3709 cf.
1089 3658 1281 3708 Lucret.
1304 3657 1396 3722 lv,

371 3735 487 3801 480.
510 3733 666 3805 Diog.
690 3735 852 3786 Laert.
873 3733 951 3786 xl
968 3773 983 3799 ‚
1006 3735 1065 3786 31
1092 3755 1198 3806 sqq.
1222 3733 1400 3788 Ruhlr.

444 3833 487 3865 ι.
518 3811 714 3864 Huic...
736 3832 841 3864 non
857 3831 981 3865 esse.
1010 3815 1055 3866 A
1080 3811 1269 3865 Seneca
1296 3832 1399 3864 non

373 3911 477 3944 esse
498 3891 736 3964 profecta,
754 3889 839 3942 sed
866 3891 1035 3944 addita
1052 3911 1081 3943 a
1098 3889 1206 3943 viro
1227 3889 1395 3953 docto,

373 3972 461 4041 qui
488 3971 593 4022 haec
614 3965 841 4042 'margini
876 3969 1062 4022 codicis
1098 3971 1173 4022 sui
1208 3969 1400 4022 adscri-

371 4061 555 4122 pscrat,
570 4048 863 4121 putaverim.
878 4049 1125 4104 Ramn—
1134 4049 1255 4102 Non
1269 4067 1393 4110 esse,

374 4127 545 4201 supple
570 4147 581 4179 ε
603 4125 813 4180 honum.

1566 3205 1614 3236 τι.
1643 3179 1756 3253 Qui
1785 3183 1928 3234 illud
1957 3183 2139 3233 anitno
2176 3181 2390 3232 damus.
2427 3179 2520 3230 Im.

1499 3264 1586 3336 qui
1599 3263 1729 3316 illud
1749 3262 1941 3315 bonnm
1965 3263 2022 3315 in
2045 3261 2219 3314 animo
2241 3259 2398 3313 situm
2421 3279 2518 3314 esse

1499 3341 1876 3397 contendimus.

1565 3418 1612 3472 3.
1636 3417 1748 3472 Sed
1777 3420 2028 3472 videlicet.
2058 3416 2098 3468 1.
2133 3417 2404 3470 manifesto
2436 3437 2520 3470 cu-

1497 3518 1606 3552 ram
1629 3497 1779 3570 hujus
1801 3497 1904 3562 rei,
1941 3497 1976 3550 i.
2012 3496 2187 3568 iudicii
2210 3497 2272 3548 de
2305 3495 2443 3548 bono
2465 3514 2520 3546 ac

1497 3579 1635 3632 malo
1655 3615 1670 3643 ,
1695 3577 1825 3648 gerit
1853 3577 1983 3629 ratio
2003 3615 2018 3644 ,
2043 3595 2148 3628 non
2169 3594 2362 3629 sensus.
2387 3575 2519 3628 Con·

1497 3657 1666 3710 tinent
1695 3655 1806 3710 haec
1837 3652 2232 3708 confutationem
2263 3651 2522 3724 Epicurei·

1498 3733 1608 3786 smi.
1631 3731 1811 3784 Rublc.

1564 3811 1614 3874 4.
1643 3806 1710 3860 Se·
1737 3809 1853 3876 quis
1876 3809 2054 3871 vellet,
2083 3825 2190 3857 non
2213 3807 2373 3870 velit,
2397 3824 2448 3856 a.
2477 3821 2518 3854 c.

1498 3889 1566 3941 R.
1597 3889 1663 3939 A.
1684 3884 1845 3938 δάιον.

1567 3969 1611 4019 5.
1637 3966 1761 4020 Non
1790 3968 1950 4018 oculis
1966 4003 1981 4028 ‚
2015 3966 2112 4016 sed
2143 3973 2282 4018 tactu
2313 3967 2440 4016 min.
2471 3963 2518 4012 d.

1496 4045 1669 4114 AEque
1693 4042 1903 4096 absurde
1925 4055 2112 4116 ageret,
2135 4042 2226 4112 qui
2245 4040 2308 4094 ad
2332 4042 2516 4094 minuta

1496 4123 1826 4176 discernenda
1839 4135 1968 4176 tactu
1984 4141 2084 4194 prae
2093 4119 2253 4174 oculis
2273 4121 2350 4173 uti
2361 4119 2510 4176 malit,
