<?xml version="1.0" encoding="UTF-8"?>
<!DOCTYPE html PUBLIC "-//W3C//DTD XHTML 1.0 Transitional//EN"
    "http://www.w3.org/TR/xhtml1/DTD/xhtml1-transitional.dtd">
<html xmlns="http://www.w3.org/1999/xhtml" xml:lang="en" lang="en">
 <head>
  <title>
</title>
<meta http-equiv="Content-Type" content="text/html;charset=utf-8" />
  <meta name='ocr-system' content='tesseract 3.04.00' />
  <meta name='ocr-capabilities' content='ocr_page ocr_carea ocr_par ocr_line ocrx_word'/>
</head>
<body>
  <div class='ocr_page' id='page_1' title='image "./lannaeisenecaeo04bouigoog_0614.png"; bbox 0 0 2667 4475; ppageno 0'>
   <div class='ocr_carea' id='block_1_1' title="bbox 421 341 2220 452">
    <p class='ocr_par' dir='ltr' id='par_1_1' title="bbox 421 341 2220 452">
     <span class='ocr_line' id='line_1_1' title="bbox 421 341 2220 452; baseline 0.003 -39"><span class='ocrx_word' id='word_1_1' title='bbox 421 341 924 416; x_wconf 75' lang='lat' dir='ltr'><strong>PRYSIOL.</strong></span> <span class='ocrx_word' id='word_1_2' title='bbox 975 344 1471 452; x_wconf 70' lang='lat' dir='ltr'><strong>s‘roleoa.</strong></span> <span class='ocrx_word' id='word_1_3' title='bbox 1526 350 1719 420; x_wconf 69' lang='grc' dir='ltr'><strong>ΜΒ.</strong></span> <span class='ocrx_word' id='word_1_4' title='bbox 1771 348 1876 425; x_wconf 77' lang='grc' dir='ltr'><strong>Π,</strong></span> <span class='ocrx_word' id='word_1_5' title='bbox 2084 350 2220 445; x_wconf 81' lang='lat'><strong>617</strong></span> 
     </span>
    </p>
   </div>
   <div class='ocr_carea' id='block_1_2' title="bbox 91 486 2235 3554">
    <p class='ocr_par' dir='ltr' id='par_1_2' title="bbox 91 486 2235 3554">
     <span class='ocr_line' id='line_1_2' title="bbox 91 486 2224 575; baseline 0.001 -25"><span class='ocrx_word' id='word_1_6' title='bbox 91 513 205 572; x_wconf 85' lang='lat' dir='ltr'><strong>:ap.</strong></span> <span class='ocrx_word' id='word_1_7' title='bbox 240 488 358 575; x_wconf 82' lang='lat'><strong>29)</strong></span> <span class='ocrx_word' id='word_1_8' title='bbox 389 511 405 549; x_wconf 71' lang='grc' dir='ltr'><em>ε</em></span> <span class='ocrx_word' id='word_1_9' title='bbox 441 517 468 543; x_wconf 74' lang='grc' dir='ltr'><strong>ιι</strong></span> <span class='ocrx_word' id='word_1_10' title='bbox 502 488 658 573; x_wconf 83' lang='lat' dir='ltr'><strong>Ergo</strong></span> <span class='ocrx_word' id='word_1_11' title='bbox 686 486 1030 571; x_wconf 83' lang='lat' dir='ltr'><strong>quandoque</strong></span> <span class='ocrx_word' id='word_1_12' title='bbox 1061 490 1168 550; x_wconf 87' lang='lat' dir='ltr'><strong>erit</strong></span> <span class='ocrx_word' id='word_1_13' title='bbox 1197 492 1477 551; x_wconf 87' lang='lat' dir='ltr'><strong>terminus</strong></span> <span class='ocrx_word' id='word_1_14' title='bbox 1504 492 1675 552; x_wconf 86' lang='lat' dir='ltr'><strong>rebus</strong></span> <span class='ocrx_word' id='word_1_15' title='bbox 1706 491 2005 564; x_wconf 86' lang='lat' dir='ltr'><strong>humanis,</strong></span> <span class='ocrx_word' id='word_1_16' title='bbox 2045 514 2224 573; x_wconf 84' lang='lat' dir='ltr'><strong>quum</strong></span> 
     </span>
     <span class='ocr_line' id='line_1_3' title="bbox 91 595 2227 677; baseline 0.002 -21"><span class='ocrx_word' id='word_1_17' title='bbox 91 610 268 677; x_wconf 73' lang='lat' dir='ltr'><strong>;›artes</strong></span> <span class='ocrx_word' id='word_1_18' title='bbox 315 610 476 659; x_wconf 79' lang='lat' dir='ltr'><strong>terrae</strong></span> <span class='ocrx_word' id='word_1_19' title='bbox 525 598 761 657; x_wconf 87' lang='lat' dir='ltr'><strong>interire</strong></span> <span class='ocrx_word' id='word_1_20' title='bbox 815 595 1116 657; x_wconf 83' lang='lat' dir='ltr'><strong>debuerint</strong></span> <span class='ocrx_word' id='word_1_21' title='bbox 1135 638 1152 671; x_wconf 89' lang='lat'><strong>,</strong></span> <span class='ocrx_word' id='word_1_22' title='bbox 1211 597 1513 660; x_wconf 71' lang='lat' dir='ltr'><strong>abolet-ive·</strong></span> <span class='ocrx_word' id='word_1_23' title='bbox 1541 597 1799 659; x_wconf 81' lang='lat' dir='ltr'><strong>funditus</strong></span> <span class='ocrx_word' id='word_1_24' title='bbox 1832 610 1959 658; x_wconf 71' lang='lat' dir='ltr'><strong>totae</strong></span> <span class='ocrx_word' id='word_1_25' title='bbox 1974 640 1992 672; x_wconf 92' lang='lat'>,</span> <span class='ocrx_word' id='word_1_26' title='bbox 2040 610 2106 658; x_wconf 87' lang='lat' dir='ltr'><strong>ut</strong></span> <span class='ocrx_word' id='word_1_27' title='bbox 2152 599 2227 660; x_wconf 89' lang='lat' dir='ltr'><strong>de</strong></span> 
     </span>
     <span class='ocr_line' id='line_1_4' title="bbox 92 704 2225 788; baseline 0.002 -26"><span class='ocrx_word' id='word_1_28' title='bbox 92 719 301 787; x_wconf 77' lang='lat' dir='ltr'><strong>‚ntegro</strong></span> <span class='ocrx_word' id='word_1_29' title='bbox 329 716 456 765; x_wconf 78' lang='lat' dir='ltr'><strong>totae</strong></span> <span class='ocrx_word' id='word_1_30' title='bbox 473 749 489 778; x_wconf 92' lang='lat'><strong>,</strong></span> <span class='ocrx_word' id='word_1_31' title='bbox 525 704 697 765; x_wconf 86' lang='lat' dir='ltr'><strong>rudes</strong></span> <span class='ocrx_word' id='word_1_32' title='bbox 715 748 732 779; x_wconf 91' lang='lat'>‚</span> <span class='ocrx_word' id='word_1_33' title='bbox 753 704 1129 785; x_wconf 87' lang='lat' dir='ltr'><strong>·iunoxiaeque</strong></span> <span class='ocrx_word' id='word_1_34' title='bbox 1157 718 1525 786; x_wconf 69' lang='lat' dir='ltr'><strong>generentur,</strong></span> <span class='ocrx_word' id='word_1_35' title='bbox 1558 727 1667 767; x_wconf 88' lang='lat' dir='ltr'><strong>nec</strong></span> <span class='ocrx_word' id='word_1_36' title='bbox 1688 706 1935 788; x_wconf 81' lang='lat' dir='ltr'><strong>supersit</strong></span> <span class='ocrx_word' id='word_1_37' title='bbox 1962 706 2024 765; x_wconf 89' lang='lat' dir='ltr'><strong>in</strong></span> <span class='ocrx_word' id='word_1_38' title='bbox 2059 704 2225 766; x_wconf 88' lang='lat' dir='ltr'><strong>dete-</strong></span> 
     </span>
     <span class='ocr_line' id='line_1_5' title="bbox 91 809 2228 895; baseline 0 -25"><span class='ocrx_word' id='word_1_39' title='bbox 91 812 228 872; x_wconf 61' lang='lat' dir='ltr'><strong>?iora</strong></span> <span class='ocrx_word' id='word_1_40' title='bbox 257 812 542 895; x_wconf 86' lang='lat' dir='ltr'><strong>magister.</strong></span> <span class='ocrx_word' id='word_1_41' title='bbox 585 839 612 865; x_wconf 78' lang='grc' dir='ltr'><strong>υ</strong></span> <span class='ocrx_word' id='word_1_42' title='bbox 658 810 804 870; x_wconf 87' lang='lat' dir='ltr'><strong>Nam</strong></span> <span class='ocrx_word' id='word_1_43' title='bbox 845 809 1012 886; x_wconf 26' lang='lat' dir='ltr'><strong>hun&#39;c.</strong></span> <span class='ocrx_word' id='word_1_44' title='bbox 1033 810 1207 870; x_wconf 88' lang='lat' dir='ltr'><strong>finem</strong></span> <span class='ocrx_word' id='word_1_45' title='bbox 1246 813 1539 892; x_wconf 87' lang='lat' dir='ltr'><strong>ponebant</strong></span> <span class='ocrx_word' id='word_1_46' title='bbox 1560 857 1579 887; x_wconf 92' lang='lat'>‚</span> <span class='ocrx_word' id='word_1_47' title='bbox 1627 813 1933 873; x_wconf 86' lang='lat' dir='ltr'><strong>emendare</strong></span> <span class='ocrx_word' id='word_1_48' title='bbox 1962 824 2020 871; x_wconf 91' lang='lat' dir='ltr'><strong>et</strong></span> <span class='ocrx_word' id='word_1_49' title='bbox 2050 813 2228 872; x_wconf 88' lang='lat' dir='ltr'><strong>inno-</strong></span> 
     </span>
     <span class='ocr_line' id='line_1_6' title="bbox 91 915 2228 1001; baseline 0.001 -24"><span class='ocrx_word' id='word_1_50' title='bbox 91 941 233 979; x_wconf 66' lang='lat' dir='ltr'><strong>vare.</strong></span> <span class='ocrx_word' id='word_1_51' title='bbox 271 918 506 1001; x_wconf 84' lang='lat' dir='ltr'><strong>Itaque,</strong></span> <span class='ocrx_word' id='word_1_52' title='bbox 539 930 604 978; x_wconf 89' lang='lat' dir='ltr'><strong>ut</strong></span> <span class='ocrx_word' id='word_1_53' title='bbox 631 918 787 979; x_wconf 90' lang='lat' dir='ltr'><strong>idem</strong></span> <span class='ocrx_word' id='word_1_54' title='bbox 817 919 898 978; x_wconf 87' lang='lat' dir='ltr'><strong>ait</strong></span> <span class='ocrx_word' id='word_1_55' title='bbox 926 915 1120 999; x_wconf 89' lang='lat' dir='ltr'><strong>(Ibid.</strong></span> <span class='ocrx_word' id='word_1_56' title='bbox 1139 916 1164 999; x_wconf 95' lang='lat'>)</span> <span class='ocrx_word' id='word_1_57' title='bbox 1183 961 1198 990; x_wconf 89' lang='lat'><strong>,</strong></span> <span class='ocrx_word' id='word_1_58' title='bbox 1238 944 1266 971; x_wconf 74' lang='grc' dir='ltr'><strong>«ι</strong></span> <span class='ocrx_word' id='word_1_59' title='bbox 1294 940 1411 977; x_wconf 86' lang='lat' dir='ltr'><strong>non</strong></span> <span class='ocrx_word' id='word_1_60' title='bbox 1441 939 1668 1000; x_wconf 87' lang='lat' dir='ltr'><strong>semper</strong></span> <span class='ocrx_word' id='word_1_61' title='bbox 1698 941 1764 978; x_wconf 86' lang='lat' dir='ltr'><strong>ea</strong></span> <span class='ocrx_word' id='word_1_62' title='bbox 1797 918 2027 979; x_wconf 87' lang='lat' dir='ltr'><strong>licentia</strong></span> <span class='ocrx_word' id='word_1_63' title='bbox 2056 918 2228 979; x_wconf 84' lang='lat' dir='ltr'><strong>undis</strong></span> 
     </span>
     <span class='ocr_line' id='line_1_7' title="bbox 91 1023 2226 1109; baseline 0 -24"><span class='ocrx_word' id='word_1_64' title='bbox 91 1028 188 1085; x_wconf 64' lang='lat' dir='ltr'><strong>erit</strong></span> <span class='ocrx_word' id='word_1_65' title='bbox 202 1070 220 1099; x_wconf 90' lang='lat'>‚</span> <span class='ocrx_word' id='word_1_66' title='bbox 251 1027 355 1088; x_wconf 89' lang='lat' dir='ltr'><strong>sed</strong></span> <span class='ocrx_word' id='word_1_67' title='bbox 372 1038 601 1109; x_wconf 86' lang='lat' dir='ltr'><strong>peracto</strong></span> <span class='ocrx_word' id='word_1_68' title='bbox 623 1026 796 1085; x_wconf 83' lang='lat' dir='ltr'><strong>exitio</strong></span> <span class='ocrx_word' id='word_1_69' title='bbox 827 1026 1054 1107; x_wconf 83' lang='lat' dir='ltr'><strong>generis</strong></span> <span class='ocrx_word' id='word_1_70' title='bbox 1081 1023 1354 1099; x_wconf 82' lang='lat' dir='ltr'><strong>humani,</strong></span> <span class='ocrx_word' id='word_1_71' title='bbox 1384 1025 1794 1106; x_wconf 85' lang='lat' dir='ltr'><strong>exstinctisque</strong></span> <span class='ocrx_word' id='word_1_72' title='bbox 1817 1026 2031 1108; x_wconf 82' lang='lat' dir='ltr'><strong>pariter</strong></span> <span class='ocrx_word' id='word_1_73' title='bbox 2056 1025 2191 1087; x_wconf 79' lang='lat' dir='ltr'><strong>feris</strong></span> <span class='ocrx_word' id='word_1_74' title='bbox 2208 1069 2226 1099; x_wconf 89' lang='lat'>,</span> 
     </span>
     <span class='ocr_line' id='line_1_8' title="bbox 92 1132 2231 1215; baseline 0.001 -25"><span class='ocrx_word' id='word_1_75' title='bbox 92 1156 137 1191; x_wconf 85' lang='lat' dir='ltr'><strong>n</strong></span> <span class='ocrx_word' id='word_1_76' title='bbox 168 1154 410 1213; x_wconf 83' lang='lat' dir='ltr'><strong>quarum</strong></span> <span class='ocrx_word' id='word_1_77' title='bbox 440 1132 700 1192; x_wconf 87' lang='lat' dir='ltr'><strong>homines</strong></span> <span class='ocrx_word' id='word_1_78' title='bbox 731 1133 960 1215; x_wconf 84' lang='lat' dir='ltr'><strong>ingenia</strong></span> <span class='ocrx_word' id='word_1_79' title='bbox 990 1132 1363 1205; x_wconf 70' lang='lat' dir='ltr'><strong>transierant,</strong></span> <span class='ocrx_word' id='word_1_80' title='bbox 1394 1132 1603 1191; x_wconf 87' lang='lat' dir='ltr'><strong>iterum</strong></span> <span class='ocrx_word' id='word_1_81' title='bbox 1638 1154 1815 1212; x_wconf 84' lang='lat' dir='ltr'><strong>aquas</strong></span> <span class='ocrx_word' id='word_1_82' title='bbox 1841 1144 1995 1207; x_wconf 78' lang='lat' dir='ltr'><strong>terra</strong></span> <span class='ocrx_word' id='word_1_83' title='bbox 2026 1133 2231 1193; x_wconf 83' lang='lat' dir='ltr'><strong>sorbe—</strong></span> 
     </span>
     <span class='ocr_line' id='line_1_9' title="bbox 92 1238 2225 1321; baseline 0 -25"><span class='ocrx_word' id='word_1_84' title='bbox 92 1242 161 1299; x_wconf 72' lang='lat' dir='ltr'><strong>2it</strong></span> <span class='ocrx_word' id='word_1_85' title='bbox 178 1284 195 1313; x_wconf 91' lang='lat'>,</span> <span class='ocrx_word' id='word_1_86' title='bbox 235 1252 292 1299; x_wconf 93' lang='lat' dir='ltr'><strong>et</strong></span> <span class='ocrx_word' id='word_1_87' title='bbox 318 1240 562 1320; x_wconf 86' lang='lat' dir='ltr'><strong>rejectus</strong></span> <span class='ocrx_word' id='word_1_88' title='bbox 584 1260 617 1299; x_wconf 88' lang='lat' dir='ltr'><strong>e</strong></span> <span class='ocrx_word' id='word_1_89' title='bbox 642 1239 849 1299; x_wconf 86' lang='lat' dir='ltr'><strong>nostris</strong></span> <span class='ocrx_word' id='word_1_90' title='bbox 880 1238 1110 1298; x_wconf 87' lang='lat' dir='ltr'><strong>sedibus</strong></span> <span class='ocrx_word' id='word_1_91' title='bbox 1130 1281 1149 1311; x_wconf 94' lang='lat'>‚</span> <span class='ocrx_word' id='word_1_92' title='bbox 1185 1238 1246 1297; x_wconf 90' lang='lat' dir='ltr'><strong>in</strong></span> <span class='ocrx_word' id='word_1_93' title='bbox 1273 1258 1377 1296; x_wconf 87' lang='lat' dir='ltr'><strong>sua</strong></span> <span class='ocrx_word' id='word_1_94' title='bbox 1406 1250 1624 1297; x_wconf 87' lang='lat' dir='ltr'><strong>secreta</strong></span> <span class='ocrx_word' id='word_1_95' title='bbox 1648 1239 1895 1321; x_wconf 86' lang='lat' dir='ltr'><strong>pelletur</strong></span> <span class='ocrx_word' id='word_1_96' title='bbox 1922 1238 2185 1299; x_wconf 78' lang='lat' dir='ltr'><strong>Oceanus</strong></span> <span class='ocrx_word' id='word_1_97' title='bbox 2208 1262 2225 1297; x_wconf 74' lang='grc' dir='ltr'><strong>ε</strong></span> 
     </span>
     <span class='ocr_line' id='line_1_10' title="bbox 91 1338 2227 1429; baseline 0.001 -26"><span class='ocrx_word' id='word_1_98' title='bbox 91 1346 348 1429; x_wconf 70' lang='lat' dir='ltr'><strong>uniquus</strong></span> <span class='ocrx_word' id='word_1_99' title='bbox 389 1344 528 1405; x_wconf 90' lang='lat' dir='ltr'><strong>ordo</strong></span> <span class='ocrx_word' id='word_1_100' title='bbox 573 1344 952 1404; x_wconf 84' lang='lat' dir='ltr'><strong>revocabitur.</strong></span> <span class='ocrx_word' id='word_1_101' title='bbox 999 1338 1184 1401; x_wconf 84' lang='lat' dir='ltr'><strong>Omne</strong></span> <span class='ocrx_word' id='word_1_102' title='bbox 1223 1342 1436 1403; x_wconf 85' lang='lat' dir='ltr'><strong>animal</strong></span> <span class='ocrx_word' id='word_1_103' title='bbox 1465 1365 1540 1404; x_wconf 83' lang='lat' dir='ltr'><strong>ex</strong></span> <span class='ocrx_word' id='word_1_104' title='bbox 1574 1344 1797 1427; x_wconf 83' lang='lat' dir='ltr'><strong>integro</strong></span> <span class='ocrx_word' id='word_1_105' title='bbox 1828 1344 2227 1427; x_wconf 79' lang='lat' dir='ltr'><strong>generabitur,</strong></span> 
     </span>
     <span class='ocr_line' id='line_1_11' title="bbox 91 1448 2231 1533; baseline -0.001 -22"><span class='ocrx_word' id='word_1_106' title='bbox 91 1452 420 1533; x_wconf 78' lang='lat' dir='ltr'><strong>labiturque</strong></span> <span class='ocrx_word' id='word_1_107' title='bbox 463 1452 628 1511; x_wconf 88' lang='lat' dir='ltr'><strong>terris</strong></span> <span class='ocrx_word' id='word_1_108' title='bbox 671 1450 843 1510; x_wconf 88' lang='lat' dir='ltr'><strong>homo</strong></span> <span class='ocrx_word' id='word_1_109' title='bbox 889 1450 1101 1509; x_wconf 88' lang='lat' dir='ltr'><strong>inscius</strong></span> <span class='ocrx_word' id='word_1_110' title='bbox 1145 1450 1461 1524; x_wconf 80' lang='lat' dir='ltr'><strong>scelerum&#39;,</strong></span> <span class='ocrx_word' id='word_1_111' title='bbox 1509 1462 1565 1510; x_wconf 90' lang='lat' dir='ltr'><strong>et</strong></span> <span class='ocrx_word' id='word_1_112' title='bbox 1594 1448 1924 1509; x_wconf 86' lang='lat' dir='ltr'><strong>melioribus</strong></span> <span class='ocrx_word' id='word_1_113' title='bbox 1965 1451 2231 1532; x_wconf 81' lang='lat' dir='ltr'><strong>auspiciis</strong></span> 
     </span>
     <span class='ocr_line' id='line_1_12' title="bbox 92 1536 2229 1643; baseline 0 -28"><span class='ocrx_word' id='word_1_114' title='bbox 92 1570 268 1617; x_wconf 62' lang='lat' dir='ltr'><strong>xatus.</strong></span> <span class='ocrx_word' id='word_1_115' title='bbox 295 1583 322 1610; x_wconf 70' lang='lat' dir='ltr'>n</span> <span class='ocrx_word' id='word_1_116' title='bbox 347 1554 438 1617; x_wconf 88' lang='lat' dir='ltr'><strong>En</strong></span> <span class='ocrx_word' id='word_1_117' title='bbox 461 1600 478 1631; x_wconf 90' lang='lat'>,</span> <span class='ocrx_word' id='word_1_118' title='bbox 503 1578 674 1639; x_wconf 82' lang='lat' dir='ltr'><strong>quam</strong></span> <span class='ocrx_word' id='word_1_119' title='bbox 696 1577 833 1617; x_wconf 81' lang='lat' dir='ltr'><strong>vere</strong></span> <span class='ocrx_word' id='word_1_120' title='bbox 859 1555 977 1637; x_wconf 62' lang='lat' dir='ltr'><strong>lJaec</strong></span> <span class='ocrx_word' id='word_1_121' title='bbox 1000 1556 1178 1635; x_wconf 75' lang='lat' dir='ltr'><strong>nostri</strong></span> <span class='ocrx_word' id='word_1_122' title='bbox 1207 1578 1223 1612; x_wconf 72' lang='grc' dir='ltr'><strong>ε</strong></span> <span class='ocrx_word' id='word_1_123' title='bbox 1252 1567 1311 1643; x_wconf 84' lang='lat' dir='ltr'><strong>et</strong></span> <span class='ocrx_word' id='word_1_124' title='bbox 1330 1556 1460 1636; x_wconf 88' lang='lat' dir='ltr'><strong>quis</strong></span> <span class='ocrx_word' id='word_1_125' title='bbox 1490 1577 1609 1614; x_wconf 88' lang='lat' dir='ltr'><strong>non</strong></span> <span class='ocrx_word' id='word_1_126' title='bbox 1630 1577 1663 1615; x_wconf 94' lang='lat' dir='ltr'><strong>e</strong></span> <span class='ocrx_word' id='word_1_127' title='bbox 1683 1555 1868 1615; x_wconf 88' lang='lat' dir='ltr'><strong>Sacris</strong></span> <span class='ocrx_word' id='word_1_128' title='bbox 1889 1556 2051 1616; x_wconf 84' lang='lat' dir='ltr'><strong>libris</strong></span> <span class='ocrx_word' id='word_1_129' title='bbox 2071 1536 2229 1615; x_wconf 66' lang='lat' dir='ltr'><strong>liau-</strong></span> 
     </span>
     <span class='ocr_line' id='line_1_13' title="bbox 91 1660 2229 1744; baseline 0.001 -24"><span class='ocrx_word' id='word_1_130' title='bbox 91 1664 218 1723; x_wconf 76' lang='lat' dir='ltr'><strong>;isse</strong></span> <span class='ocrx_word' id='word_1_131' title='bbox 248 1675 412 1744; x_wconf 87' lang='lat' dir='ltr'><strong>putet</strong></span> <span class='ocrx_word' id='word_1_132' title='bbox 435 1708 452 1737; x_wconf 93' lang='lat'>,</span> <span class='ocrx_word' id='word_1_133' title='bbox 489 1674 547 1722; x_wconf 89' lang='lat' dir='ltr'><strong>et</strong></span> <span class='ocrx_word' id='word_1_134' title='bbox 575 1674 878 1736; x_wconf 87' lang='lat' dir='ltr'><strong>eventum,</strong></span> <span class='ocrx_word' id='word_1_135' title='bbox 911 1674 968 1721; x_wconf 93' lang='lat' dir='ltr'><strong>et</strong></span> <span class='ocrx_word' id='word_1_136' title='bbox 997 1660 1266 1721; x_wconf 74' lang='lat' dir='ltr'><strong>causam?</strong></span> <span class='ocrx_word' id='word_1_137' title='bbox 1295 1661 1574 1721; x_wconf 71' lang='lat' dir='ltr'><strong>Caeterum</strong></span> <span class='ocrx_word' id='word_1_138' title='bbox 1603 1660 1677 1722; x_wconf 87' lang='lat' dir='ltr'><strong>de</strong></span> <span class='ocrx_word' id='word_1_139' title='bbox 1708 1661 2092 1722; x_wconf 84' lang='lat' dir='ltr'><strong>Inundatione</strong></span> <span class='ocrx_word' id='word_1_140' title='bbox 2116 1706 2133 1737; x_wconf 90' lang='lat'>,</span> <span class='ocrx_word' id='word_1_141' title='bbox 2171 1674 2229 1722; x_wconf 87' lang='lat' dir='ltr'><strong>et</strong></span> 
     </span>
     <span class='ocr_line' id='line_1_14' title="bbox 92 1765 2233 1849; baseline 0 -20"><span class='ocrx_word' id='word_1_142' title='bbox 92 1768 369 1849; x_wconf 66' lang='lat' dir='ltr'><strong>{uomodo</strong></span> <span class='ocrx_word' id='word_1_143' title='bbox 397 1790 465 1829; x_wconf 90' lang='lat' dir='ltr'><strong>ea</strong></span> <span class='ocrx_word' id='word_1_144' title='bbox 496 1770 593 1828; x_wconf 83' lang='lat' dir='ltr'><strong>fiat</strong></span> <span class='ocrx_word' id='word_1_145' title='bbox 608 1812 625 1841; x_wconf 90' lang='lat'><strong>‚</strong></span> <span class='ocrx_word' id='word_1_146' title='bbox 658 1766 809 1827; x_wconf 89' lang='lat' dir='ltr'><strong>belle</strong></span> <span class='ocrx_word' id='word_1_147' title='bbox 838 1780 896 1833; x_wconf 83' lang='lat' dir='ltr'><strong>et</strong></span> <span class='ocrx_word' id='word_1_148' title='bbox 924 1767 1133 1827; x_wconf 86' lang='lat' dir='ltr'><strong>diserte</strong></span> <span class='ocrx_word' id='word_1_149' title='bbox 1165 1765 1381 1841; x_wconf 76' lang='lat' dir='ltr'><strong>Seneca</strong></span> <span class='ocrx_word' id='word_1_150' title='bbox 1400 1811 1418 1842; x_wconf 90' lang='lat'>‚</span> <span class='ocrx_word' id='word_1_151' title='bbox 1470 1766 1586 1827; x_wconf 84' lang='lat' dir='ltr'><strong>fine</strong></span> <span class='ocrx_word' id='word_1_152' title='bbox 1616 1767 1748 1828; x_wconf 86' lang='lat' dir='ltr'><strong>libri</strong></span> <span class='ocrx_word' id='word_1_153' title='bbox 1782 1769 1933 1828; x_wconf 84' lang='lat' dir='ltr'><strong>tertii</strong></span> <span class='ocrx_word' id='word_1_154' title='bbox 1958 1767 2233 1843; x_wconf 74' lang='lat' dir='ltr'><strong>Quaestio·</strong></span> 
     </span>
     <span class='ocr_line' id='line_1_15' title="bbox 91 1873 2229 1956; baseline 0 -21"><span class='ocrx_word' id='word_1_155' title='bbox 91 1900 218 1936; x_wconf 83' lang='lat' dir='ltr'><strong>mm</strong></span> <span class='ocrx_word' id='word_1_156' title='bbox 256 1900 272 1935; x_wconf 72' lang='grc' dir='ltr'><em>ε</em></span> <span class='ocrx_word' id='word_1_157' title='bbox 305 1890 368 1935; x_wconf 84' lang='lat' dir='ltr'><strong>tu</strong></span> <span class='ocrx_word' id='word_1_158' title='bbox 405 1876 566 1937; x_wconf 82' lang='lat' dir='ltr'><strong>vide.</strong></span> <span class='ocrx_word' id='word_1_159' title='bbox 606 1875 789 1935; x_wconf 85' lang='lat' dir='ltr'><strong>Vetus</strong></span> <span class='ocrx_word' id='word_1_160' title='bbox 819 1887 1009 1935; x_wconf 84' lang='lat' dir='ltr'><strong>autem</strong></span> <span class='ocrx_word' id='word_1_161' title='bbox 1041 1886 1099 1933; x_wconf 90' lang='lat' dir='ltr'><strong>et</strong></span> <span class='ocrx_word' id='word_1_162' title='bbox 1125 1873 1417 1956; x_wconf 87' lang='lat' dir='ltr'><strong>popularis</strong></span> <span class='ocrx_word' id='word_1_163' title='bbox 1459 1873 1577 1934; x_wconf 82' lang='lat' dir='ltr'><strong>haec</strong></span> <span class='ocrx_word' id='word_1_164' title='bbox 1606 1875 1801 1956; x_wconf 86' lang='lat' dir='ltr'><strong>opinio</strong></span> <span class='ocrx_word' id='word_1_165' title='bbox 1833 1875 1907 1935; x_wconf 88' lang='lat' dir='ltr'><strong>de</strong></span> <span class='ocrx_word' id='word_1_166' title='bbox 1936 1874 2184 1935; x_wconf 85' lang='lat' dir='ltr'><strong>Diluviis</strong></span> <span class='ocrx_word' id='word_1_167' title='bbox 2210 1919 2229 1949; x_wconf 92' lang='lat'>‚</span> 
     </span>
     <span class='ocr_line' id='line_1_16' title="bbox 91 1980 2234 2065; baseline -0.001 -22"><span class='ocrx_word' id='word_1_168' title='bbox 91 2007 140 2043; x_wconf 71' lang='lat' dir='ltr'><strong>nc</strong></span> <span class='ocrx_word' id='word_1_169' title='bbox 173 1982 344 2065; x_wconf 88' lang='lat' dir='ltr'><strong>plura</strong></span> <span class='ocrx_word' id='word_1_170' title='bbox 367 1982 542 2044; x_wconf 81' lang='lat' dir='ltr'><strong>fuisse</strong></span> <span class='ocrx_word' id='word_1_171' title='bbox 571 1980 730 2041; x_wconf 90' lang='lat' dir='ltr'><strong>Plato</strong></span> <span class='ocrx_word' id='word_1_172' title='bbox 760 1982 960 2042; x_wconf 86' lang='lat' dir='ltr'><strong>asserit</strong></span> <span class='ocrx_word' id='word_1_173' title='bbox 983 1990 1020 2056; x_wconf 79' lang='lat'><strong>‚‘</strong></span> <span class='ocrx_word' id='word_1_174' title='bbox 1037 1982 1142 2041; x_wconf 86' lang='lat' dir='ltr'><strong>etsi</strong></span> <span class='ocrx_word' id='word_1_175' title='bbox 1172 1981 1318 2042; x_wconf 84' lang='lat' dir='ltr'><strong>illud</strong></span> <span class='ocrx_word' id='word_1_176' title='bbox 1350 1982 1715 2043; x_wconf 79' lang='lat' dir='ltr'><strong>Deucalionis</strong></span> <span class='ocrx_word' id='word_1_177' title='bbox 1749 1980 2082 2043; x_wconf 81' lang='lat' dir='ltr'><strong>decantetur</strong></span> <span class='ocrx_word' id='word_1_178' title='bbox 2103 1995 2234 2042; x_wconf 79' lang='lat' dir='ltr'><strong>tan-</strong></span> 
     </span>
     <span class='ocr_line' id='line_1_17' title="bbox 91 2072 2234 2171; baseline -0.002 -20"><span class='ocrx_word' id='word_1_179' title='bbox 91 2114 201 2151; x_wconf 72' lang='lat' dir='ltr'><strong>nm</strong></span> <span class='ocrx_word' id='word_1_180' title='bbox 231 2117 247 2151; x_wconf 72' lang='lat' dir='ltr'>a</span> <span class='ocrx_word' id='word_1_181' title='bbox 282 2090 385 2153; x_wconf 89' lang='lat' dir='ltr'><strong>sed</strong></span> <span class='ocrx_word' id='word_1_182' title='bbox 409 2072 473 2151; x_wconf 54' lang='lat' dir='ltr'><strong>¹et</strong></span> <span class='ocrx_word' id='word_1_183' title='bbox 503 2090 647 2154; x_wconf 85' lang='lat' dir='ltr'><strong>Novi</strong></span> <span class='ocrx_word' id='word_1_184' title='bbox 676 2089 828 2171; x_wconf 71' lang='lat' dir='ltr'><strong>orbis</strong></span> <span class='ocrx_word' id='word_1_185' title='bbox 859 2088 1058 2169; x_wconf 47' lang='lat' dir='ltr'><strong>incolae</strong></span> <span class='ocrx_word' id='word_1_186' title='bbox 1080 2112 1113 2149; x_wconf 89' lang='lat' dir='ltr'><strong>a</strong></span> <span class='ocrx_word' id='word_1_187' title='bbox 1134 2089 1450 2169; x_wconf 86' lang='lat' dir='ltr'><strong>majoribus</strong></span> <span class='ocrx_word' id='word_1_188' title='bbox 1476 2090 1558 2149; x_wconf 88' lang='lat' dir='ltr'><strong>sic</strong></span> <span class='ocrx_word' id='word_1_189' title='bbox 1587 2101 1951 2170; x_wconf 85' lang='lat' dir='ltr'><strong>acceperunt.</strong></span> <span class='ocrx_word' id='word_1_190' title='bbox 1989 2086 2234 2149; x_wconf 77' lang='lat' dir='ltr'><strong>Pel-uani</strong></span> 
     </span>
     <span class='ocr_line' id='line_1_18' title="bbox 91 2194 2229 2280; baseline -0.001 -23"><span class='ocrx_word' id='word_1_191' title='bbox 91 2196 316 2258; x_wconf 78' lang='lat' dir='ltr'><strong>radunt</strong></span> <span class='ocrx_word' id='word_1_192' title='bbox 334 2194 614 2280; x_wconf 83' lang='lat' dir='ltr'><strong>(August.</strong></span> <span class='ocrx_word' id='word_1_193' title='bbox 638 2194 878 2280; x_wconf 85' lang='lat' dir='ltr'><strong>Carata)</strong></span> <span class='ocrx_word' id='word_1_194' title='bbox 903 2220 919 2256; x_wconf 72' lang='grc' dir='ltr'><em>ε</em></span> <span class='ocrx_word' id='word_1_195' title='bbox 955 2222 982 2250; x_wconf 76' lang='grc' dir='ltr'><strong>ει</strong></span> <span class='ocrx_word' id='word_1_196' title='bbox 1005 2208 1184 2276; x_wconf 82' lang='lat' dir='ltr'><strong>terras</strong></span> <span class='ocrx_word' id='word_1_197' title='bbox 1208 2217 1303 2274; x_wconf 83' lang='lat' dir='ltr'><strong>eas</strong></span> <span class='ocrx_word' id='word_1_198' title='bbox 1333 2216 1533 2256; x_wconf 88' lang='lat' dir='ltr'><strong>omnes</strong></span> <span class='ocrx_word' id='word_1_199' title='bbox 1554 2196 1719 2276; x_wconf 81' lang='lat' dir='ltr'><strong>aquis</strong></span> <span class='ocrx_word' id='word_1_200' title='bbox 1744 2214 1955 2254; x_wconf 88' lang='lat' dir='ltr'><strong>mersas</strong></span> <span class='ocrx_word' id='word_1_201' title='bbox 1974 2194 2229 2270; x_wconf 88' lang='lat' dir='ltr'><strong>latuisse,</strong></span> 
     </span>
     <span class='ocr_line' id='line_1_19' title="bbox 91 2295 2233 2386; baseline -0.002 -22"><span class='ocrx_word' id='word_1_202' title='bbox 91 2305 324 2383; x_wconf 51' lang='lat' dir='ltr'><strong>periisse</strong></span> <span class='ocrx_word' id='word_1_203' title='bbox 351 2302 646 2380; x_wconf 82' lang='lat' dir='ltr'><strong>homines,</strong></span> <span class='ocrx_word' id='word_1_204' title='bbox 689 2295 942 2382; x_wconf 78' lang='lat' dir='ltr'><strong>exceptis</strong></span> <span class='ocrx_word' id='word_1_205' title='bbox 985 2302 1218 2382; x_wconf 81' lang='lat' dir='ltr'><strong>paucis,</strong></span> <span class='ocrx_word' id='word_1_206' title='bbox 1254 2301 1442 2382; x_wconf 81' lang='lat' dir='ltr'><strong>quiin</strong></span> <span class='ocrx_word' id='word_1_207' title='bbox 1482 2301 1673 2386; x_wconf 80' lang='lat' dir='ltr'><strong>lignea</strong></span> <span class='ocrx_word' id='word_1_208' title='bbox 1710 2320 1847 2357; x_wconf 83' lang='lat' dir='ltr'><strong>vasa</strong></span> <span class='ocrx_word' id='word_1_209' title='bbox 1885 2320 1948 2358; x_wconf 90' lang='lat' dir='ltr'><strong>se</strong></span> <span class='ocrx_word' id='word_1_210' title='bbox 1985 2320 2233 2381; x_wconf 88' lang='lat' dir='ltr'><strong>recepe-—</strong></span> 
     </span>
     <span class='ocr_line' id='line_1_20' title="bbox 91 2403 2233 2487; baseline -0.003 -18"><span class='ocrx_word' id='word_1_211' title='bbox 91 2421 217 2469; x_wconf 65' lang='lat' dir='ltr'><strong>runt</strong></span> <span class='ocrx_word' id='word_1_212' title='bbox 237 2451 254 2480; x_wconf 91' lang='lat'>,</span> <span class='ocrx_word' id='word_1_213' title='bbox 289 2405 447 2474; x_wconf 71' lang='lat' dir='ltr'><strong>velut</strong></span> <span class='ocrx_word' id='word_1_214' title='bbox 465 2426 640 2467; x_wconf 84' lang='lat' dir='ltr'><strong>naves</strong></span> <span class='ocrx_word' id='word_1_215' title='bbox 660 2431 688 2458; x_wconf 61' lang='grc' dir='ltr'><strong>ν»</strong></span> <span class='ocrx_word' id='word_1_216' title='bbox 724 2428 741 2462; x_wconf 84' lang='lat'><em>=</em></span> <span class='ocrx_word' id='word_1_217' title='bbox 769 2407 850 2484; x_wconf 83' lang='lat' dir='ltr'><strong>ibi</strong></span> <span class='ocrx_word' id='word_1_218' title='bbox 876 2417 1196 2465; x_wconf 81' lang='lat' dir='ltr'><strong>commeatu</strong></span> <span class='ocrx_word' id='word_1_219' title='bbox 1219 2405 1450 2486; x_wconf 86' lang='lat' dir='ltr'><strong>proviso</strong></span> <span class='ocrx_word' id='word_1_220' title='bbox 1480 2405 1662 2485; x_wconf 80' lang='lat' dir='ltr'><strong>egisse</strong></span> <span class='ocrx_word' id='word_1_221' title='bbox 1678 2445 1697 2484; x_wconf 40' lang='grc' dir='ltr'><strong>ἓ</strong></span> <span class='ocrx_word' id='word_1_222' title='bbox 1730 2403 1913 2462; x_wconf 90' lang='lat' dir='ltr'><strong>donec</strong></span> <span class='ocrx_word' id='word_1_223' title='bbox 1939 2425 2096 2487; x_wconf 83' lang='lat' dir='ltr'><strong>aquae</strong></span> <span class='ocrx_word' id='word_1_224' title='bbox 2118 2404 2233 2464; x_wconf 74' lang='lat' dir='ltr'><strong>de-</strong></span> 
     </span>
     <span class='ocr_line' id='line_1_21' title="bbox 91 2507 2233 2592; baseline -0.002 -18"><span class='ocrx_word' id='word_1_225' title='bbox 91 2521 409 2574; x_wconf 83' lang='lat' dir='ltr'><strong>:rescerent</strong></span> <span class='ocrx_word' id='word_1_226' title='bbox 422 2553 440 2585; x_wconf 87' lang='lat'>,</span> <span class='ocrx_word' id='word_1_227' title='bbox 466 2522 523 2570; x_wconf 86' lang='lat' dir='ltr'><strong>et</strong></span> <span class='ocrx_word' id='word_1_228' title='bbox 543 2511 802 2580; x_wconf 81' lang='lat' dir='ltr'><strong>abirent3</strong></span> <span class='ocrx_word' id='word_1_229' title='bbox 825 2507 980 2592; x_wconf 85' lang='lat' dir='ltr'><strong>quod</strong></span> <span class='ocrx_word' id='word_1_230' title='bbox 1012 2507 1223 2568; x_wconf 86' lang='lat' dir='ltr'><strong>indicio</strong></span> <span class='ocrx_word' id='word_1_231' title='bbox 1250 2531 1459 2570; x_wconf 86' lang='lat' dir='ltr'><strong>canum</strong></span> <span class='ocrx_word' id='word_1_232' title='bbox 1484 2508 1838 2592; x_wconf 83' lang='lat' dir='ltr'><strong>collegerunt</strong></span> <span class='ocrx_word' id='word_1_233' title='bbox 1866 2531 1883 2567; x_wconf 70' lang='grc' dir='ltr'><em>ε</em></span> <span class='ocrx_word' id='word_1_234' title='bbox 1915 2530 2059 2590; x_wconf 89' lang='lat' dir='ltr'><strong>quos</strong></span> <span class='ocrx_word' id='word_1_235' title='bbox 2082 2508 2233 2570; x_wconf 82' lang='lat' dir='ltr'><strong>soras</strong></span> 
     </span>
     <span class='ocr_line' id='line_1_22' title="bbox 92 2599 2233 2704; baseline -0.002 -25"><span class='ocrx_word' id='word_1_236' title='bbox 92 2619 401 2681; x_wconf 69' lang='lat' dir='ltr'><strong>,dentidem</strong></span> <span class='ocrx_word' id='word_1_237' title='bbox 429 2617 765 2686; x_wconf 82' lang='lat' dir='ltr'><strong>emittebant</strong></span> <span class='ocrx_word' id='word_1_238' title='bbox 782 2661 799 2692; x_wconf 91' lang='lat'>‚</span> <span class='ocrx_word' id='word_1_239' title='bbox 837 2599 895 2676; x_wconf 86' lang='lat' dir='ltr'><strong>et</strong></span> <span class='ocrx_word' id='word_1_240' title='bbox 925 2637 1104 2704; x_wconf 87' lang='lat' dir='ltr'><strong>quum</strong></span> <span class='ocrx_word' id='word_1_241' title='bbox 1127 2613 1347 2675; x_wconf 84' lang='lat' dir='ltr'><strong>madidi</strong></span> <span class='ocrx_word' id='word_1_242' title='bbox 1376 2637 1409 2690; x_wconf 82' lang='lat' dir='ltr'><strong>a</strong></span> <span class='ocrx_word' id='word_1_243' title='bbox 1435 2627 1632 2678; x_wconf 80' lang='lat' dir='ltr'><strong>natatu</strong></span> <span class='ocrx_word' id='word_1_244' title='bbox 1657 2613 1912 2676; x_wconf 86' lang='lat' dir='ltr'><strong>redirent</strong></span> <span class='ocrx_word' id='word_1_245' title='bbox 1929 2659 1946 2690; x_wconf 90' lang='lat'>,</span> <span class='ocrx_word' id='word_1_246' title='bbox 1978 2616 2233 2677; x_wconf 86' lang='lat' dir='ltr'><strong>sciebant</strong></span> 
     </span>
     <span class='ocr_line' id='line_1_23' title="bbox 91 2719 2234 2808; baseline -0.001 -23"><span class='ocrx_word' id='word_1_247' title='bbox 91 2745 260 2808; x_wconf 67' lang='lat' dir='ltr'><strong>iquas</strong></span> <span class='ocrx_word' id='word_1_248' title='bbox 282 2745 581 2807; x_wconf 88' lang='lat' dir='ltr'><strong>superesse</strong></span> <span class='ocrx_word' id='word_1_249' title='bbox 606 2747 622 2796; x_wconf 90' lang='lat'>;</span> <span class='ocrx_word' id='word_1_250' title='bbox 642 2743 821 2805; x_wconf 90' lang='lat' dir='ltr'><strong>quum</strong></span> <span class='ocrx_word' id='word_1_251' title='bbox 840 2721 1092 2802; x_wconf 79' lang='lat' dir='ltr'><strong>denique</strong></span> <span class='ocrx_word' id='word_1_252' title='bbox 1111 2721 1247 2794; x_wconf 69' lang='lat' dir='ltr'><strong>sicci</strong></span> <span class='ocrx_word' id='word_1_253' title='bbox 1265 2764 1283 2796; x_wconf 92' lang='lat'>,</span> <span class='ocrx_word' id='word_1_254' title='bbox 1309 2719 1527 2782; x_wconf 84' lang='lat' dir='ltr'><strong>deesse.</strong></span> <span class='ocrx_word' id='word_1_255' title='bbox 1553 2721 1629 2781; x_wconf 82' lang='lat' dir='ltr'><strong>At</strong></span> <span class='ocrx_word' id='word_1_256' title='bbox 1653 2721 1945 2782; x_wconf 82' lang='lat' dir='ltr'><strong>Mexicani</strong></span> <span class='ocrx_word' id='word_1_257' title='bbox 1965 2765 1983 2798; x_wconf 86' lang='lat'><strong>,</strong></span> <span class='ocrx_word' id='word_1_258' title='bbox 2011 2748 2039 2777; x_wconf 77' lang='grc' dir='ltr'><strong>ιι</strong></span> <span class='ocrx_word' id='word_1_259' title='bbox 2059 2724 2234 2805; x_wconf 89' lang='lat' dir='ltr'><strong>quin-</strong></span> 
     </span>
     <span class='ocr_line' id='line_1_24' title="bbox 91 2825 2227 2912; baseline 0 -22"><span class='ocrx_word' id='word_1_260' title='bbox 91 2853 196 2912; x_wconf 76' lang='lat' dir='ltr'><strong>que</strong></span> <span class='ocrx_word' id='word_1_261' title='bbox 236 2829 396 2912; x_wconf 86' lang='lat' dir='ltr'><strong>Soles</strong></span> <span class='ocrx_word' id='word_1_262' title='bbox 439 2829 514 2904; x_wconf 79' lang='lat' dir='ltr'><strong>ad</strong></span> <span class='ocrx_word' id='word_1_263' title='bbox 556 2829 663 2888; x_wconf 88' lang='lat' dir='ltr'><strong>hoc</strong></span> <span class='ocrx_word' id='word_1_264' title='bbox 706 2830 812 2888; x_wconf 84' lang='lat' dir='ltr'><strong>aevi</strong></span> <span class='ocrx_word' id='word_1_265' title='bbox 853 2829 1090 2888; x_wconf 82' lang='lat' dir='ltr'><strong>luxisse.</strong></span> <span class='ocrx_word' id='word_1_266' title='bbox 1145 2825 1224 2888; x_wconf 83' lang='lat' dir='ltr'><strong>Et</strong></span> <span class='ocrx_word' id='word_1_267' title='bbox 1253 2829 1507 2910; x_wconf 87' lang='lat' dir='ltr'><strong>primum</strong></span> <span class='ocrx_word' id='word_1_268' title='bbox 1549 2827 1711 2888; x_wconf 88' lang='lat' dir='ltr'><strong>illum</strong></span> <span class='ocrx_word' id='word_1_269' title='bbox 1752 2829 1915 2909; x_wconf 89' lang='lat' dir='ltr'><strong>aquis</strong></span> <span class='ocrx_word' id='word_1_270' title='bbox 1970 2831 2189 2911; x_wconf 86' lang='lat' dir='ltr'><strong>perisse</strong></span> <span class='ocrx_word' id='word_1_271' title='bbox 2211 2877 2227 2900; x_wconf 87' lang='lat'>‚</span> 
     </span>
     <span class='ocr_line' id='line_1_25' title="bbox 91 2933 2235 3019; baseline -0.001 -22"><span class='ocrx_word' id='word_1_272' title='bbox 91 2958 316 3019; x_wconf 71' lang='lat' dir='ltr'><strong>unaque</strong></span> <span class='ocrx_word' id='word_1_273' title='bbox 362 2958 494 3012; x_wconf 83' lang='lat' dir='ltr'><strong>cum</strong></span> <span class='ocrx_word' id='word_1_274' title='bbox 545 2959 614 3010; x_wconf 76' lang='lat' dir='ltr'><strong>eo</strong></span> <span class='ocrx_word' id='word_1_275' title='bbox 643 2935 904 3008; x_wconf 83' lang='lat' dir='ltr'><strong>homines</strong></span> <span class='ocrx_word' id='word_1_276' title='bbox 933 2977 952 3008; x_wconf 90' lang='lat'>‚</span> <span class='ocrx_word' id='word_1_277' title='bbox 1001 2945 1061 2995; x_wconf 88' lang='lat' dir='ltr'><strong>et</strong></span> <span class='ocrx_word' id='word_1_278' title='bbox 1092 2934 1379 3016; x_wconf 78' lang='lat' dir='ltr'><strong>quidquid</strong></span> <span class='ocrx_word' id='word_1_279' title='bbox 1410 2935 1475 2998; x_wconf 88' lang='lat' dir='ltr'><strong>in</strong></span> <span class='ocrx_word' id='word_1_280' title='bbox 1508 2935 1674 2995; x_wconf 86' lang='lat' dir='ltr'><strong>terris</strong></span> <span class='ocrx_word' id='word_1_281' title='bbox 1723 2946 1891 2994; x_wconf 87' lang='lat' dir='ltr'><strong>esset.</strong></span> <span class='ocrx_word' id='word_1_282' title='bbox 1926 2961 1954 2988; x_wconf 73' lang='grc' dir='ltr'><strong>»ι</strong></span> <span class='ocrx_word' id='word_1_283' title='bbox 2001 2933 2235 3017; x_wconf 84' lang='lat' dir='ltr'><strong>(Lupus</strong></span> 
     </span>
     <span class='ocr_line' id='line_1_26' title="bbox 91 3033 2231 3126; baseline 0.001 -24"><span class='ocrx_word' id='word_1_284' title='bbox 91 3041 397 3126; x_wconf 85' lang='lat' dir='ltr'><strong>Gomara.)</strong></span> <span class='ocrx_word' id='word_1_285' title='bbox 415 3044 551 3120; x_wconf 47' lang='lat' dir='ltr'><strong>Hanc</strong></span> <span class='ocrx_word' id='word_1_286' title='bbox 577 3043 660 3102; x_wconf 89' lang='lat' dir='ltr'><strong>illi</strong></span> <span class='ocrx_word' id='word_1_287' title='bbox 692 3044 930 3124; x_wconf 79' lang='lat' dir='ltr'><strong>picturis</strong></span> <span class='ocrx_word' id='word_1_288' title='bbox 957 3053 1014 3116; x_wconf 79' lang='lat' dir='ltr'><strong>et</strong></span> <span class='ocrx_word' id='word_1_289' title='bbox 1039 3043 1188 3101; x_wconf 87' lang='lat' dir='ltr'><strong>notis</strong></span> <span class='ocrx_word' id='word_1_290' title='bbox 1210 3041 1439 3124; x_wconf 84' lang='lat' dir='ltr'><strong>prodita</strong></span> <span class='ocrx_word' id='word_1_291' title='bbox 1458 3041 1533 3102; x_wconf 86' lang='lat' dir='ltr'><strong>ab</strong></span> <span class='ocrx_word' id='word_1_292' title='bbox 1557 3033 1791 3124; x_wconf 80' lang='lat' dir='ltr'><strong>antiquo</strong></span> <span class='ocrx_word' id='word_1_293' title='bbox 1822 3041 2038 3102; x_wconf 82' lang='lat' dir='ltr'><strong>habent</strong></span> <span class='ocrx_word' id='word_1_294' title='bbox 2058 3043 2231 3104; x_wconf 88' lang='lat' dir='ltr'><strong>fidem</strong></span> 
     </span>
     <span class='ocr_line' id='line_1_27' title="bbox 91 3133 2227 3231; baseline 0.002 -23"><span class='ocrx_word' id='word_1_295' title='bbox 91 3151 362 3212; x_wconf 82' lang='lat' dir='ltr'><strong>Platonici</strong></span> <span class='ocrx_word' id='word_1_296' title='bbox 382 3133 582 3212; x_wconf 78' lang='lat' dir='ltr'><strong>diluvii</strong></span> <span class='ocrx_word' id='word_1_297' title='bbox 605 3193 622 3225; x_wconf 92' lang='lat'>,</span> <span class='ocrx_word' id='word_1_298' title='bbox 644 3151 800 3231; x_wconf 85' lang='lat' dir='ltr'><strong>quod</strong></span> <span class='ocrx_word' id='word_1_299' title='bbox 817 3150 876 3209; x_wconf 89' lang='lat' dir='ltr'><strong>in</strong></span> <span class='ocrx_word' id='word_1_300' title='bbox 897 3147 1187 3210; x_wconf 84' lang='lat' dir='ltr'><strong>Atlantide</strong></span> <span class='ocrx_word' id='word_1_301' title='bbox 1205 3149 1392 3208; x_wconf 86' lang='lat' dir='ltr'><strong>insula</strong></span> <span class='ocrx_word' id='word_1_302' title='bbox 1411 3191 1429 3222; x_wconf 89' lang='lat'>,</span> <span class='ocrx_word' id='word_1_303' title='bbox 1456 3162 1515 3208; x_wconf 88' lang='lat' dir='ltr'><strong>et</strong></span> <span class='ocrx_word' id='word_1_304' title='bbox 1532 3141 1682 3210; x_wconf 76' lang='lat' dir='ltr'><strong>circa</strong></span> <span class='ocrx_word' id='word_1_305' title='bbox 1700 3141 1999 3209; x_wconf 77' lang='lat' dir='ltr'><strong>evenisset.</strong></span> <span class='ocrx_word' id='word_1_306' title='bbox 2025 3149 2187 3212; x_wconf 82' lang='lat' dir='ltr'><strong>Heus</strong></span> <span class='ocrx_word' id='word_1_307' title='bbox 2210 3194 2227 3226; x_wconf 87' lang='lat'><strong>,</strong></span> 
     </span>
     <span class='ocr_line' id='line_1_28' title="bbox 91 3254 2229 3344; baseline 0 -27"><span class='ocrx_word' id='word_1_308' title='bbox 91 3261 261 3318; x_wconf 85' lang='lat' dir='ltr'><strong>ctiam</strong></span> <span class='ocrx_word' id='word_1_309' title='bbox 291 3257 433 3318; x_wconf 89' lang='lat' dir='ltr'><strong>illud</strong></span> <span class='ocrx_word' id='word_1_310' title='bbox 462 3258 644 3320; x_wconf 81' lang='lat' dir='ltr'><strong>obiter</strong></span> <span class='ocrx_word' id='word_1_311' title='bbox 672 3281 687 3329; x_wconf 90' lang='lat'>;</span> <span class='ocrx_word' id='word_1_312' title='bbox 719 3257 780 3316; x_wconf 88' lang='lat' dir='ltr'><strong>in</strong></span> <span class='ocrx_word' id='word_1_313' title='bbox 808 3254 1122 3315; x_wconf 87' lang='lat' dir='ltr'><strong>Censorino</strong></span> <span class='ocrx_word' id='word_1_314' title='bbox 1144 3254 1258 3337; x_wconf 84' lang='lat' dir='ltr'><strong>legi</strong></span> <span class='ocrx_word' id='word_1_315' title='bbox 1283 3298 1300 3329; x_wconf 91' lang='lat'>‚</span> <span class='ocrx_word' id='word_1_316' title='bbox 1325 3256 1679 3333; x_wconf 72' lang='lat' dir='ltr'><strong>exignescere</strong></span> <span class='ocrx_word' id='word_1_317' title='bbox 1698 3299 1715 3331; x_wconf 84' lang='lat'>‚</span> <span class='ocrx_word' id='word_1_318' title='bbox 1744 3265 1801 3316; x_wconf 83' lang='lat' dir='ltr'><strong>et</strong></span> <span class='ocrx_word' id='word_1_319' title='bbox 1824 3279 2193 3344; x_wconf 56' lang='lat' dir='ltr'><strong>exaquescere</strong></span> <span class='ocrx_word' id='word_1_320' title='bbox 2210 3281 2229 3317; x_wconf 88' lang='grc'><strong>.·</strong></span> 
     </span>
     <span class='ocr_line' id='line_1_29' title="bbox 91 3359 2229 3446; baseline 0.001 -22"><span class='ocrx_word' id='word_1_321' title='bbox 91 3387 212 3446; x_wconf 82' lang='lat' dir='ltr'><strong>quae</strong></span> <span class='ocrx_word' id='word_1_322' title='bbox 244 3375 378 3423; x_wconf 86' lang='lat' dir='ltr'><strong>sunt</strong></span> <span class='ocrx_word' id='word_1_323' title='bbox 420 3365 542 3445; x_wconf 86' lang='lat' dir='ltr'><strong>ipsa</strong></span> <span class='ocrx_word' id='word_1_324' title='bbox 584 3362 729 3423; x_wconf 78' lang='lat' dir='ltr'><strong>Stoae</strong></span> <span class='ocrx_word' id='word_1_325' title='bbox 761 3361 936 3421; x_wconf 85' lang='lat' dir='ltr'><strong>verba</strong></span> <span class='ocrx_word' id='word_1_326' title='bbox 955 3404 972 3435; x_wconf 90' lang='lat'>,</span> <span class='ocrx_word' id='word_1_327' title='bbox 1019 3381 1144 3444; x_wconf 81' lang='lat' dir='ltr'><strong>quae</strong></span> <span class='ocrx_word' id='word_1_328' title='bbox 1185 3362 1246 3421; x_wconf 88' lang='lat' dir='ltr'><strong>in</strong></span> <span class='ocrx_word' id='word_1_329' title='bbox 1277 3359 1502 3422; x_wconf 81' lang='lat' dir='ltr'><strong>Laertio</strong></span> <span class='ocrx_word' id='word_1_330' title='bbox 1546 3381 1719 3442; x_wconf 84' lang='lat' dir='ltr'><strong>supra</strong></span> <span class='ocrx_word' id='word_1_331' title='bbox 1747 3374 1805 3422; x_wconf 88' lang='lat' dir='ltr'><strong>et</strong></span> <span class='ocrx_word' id='word_1_332' title='bbox 1832 3359 2029 3444; x_wconf 80' lang='lat' dir='ltr'><strong>Graece</strong></span> <span class='ocrx_word' id='word_1_333' title='bbox 2070 3375 2229 3426; x_wconf 78' lang='lat' dir='ltr'><strong>erant</strong></span> 
     </span>
     <span class='ocr_line' id='line_1_30' title="bbox 91 3465 1949 3554; baseline -0.004 -23"><span class='ocrx_word' id='word_1_334' title='bbox 91 3478 476 3554; x_wconf 79' lang='grc' dir='ltr'><strong><em>ἑξαυχμοῦσθαι</em></strong></span> <span class='ocrx_word' id='word_1_335' title='bbox 497 3477 584 3534; x_wconf 74' lang='grc' dir='ltr'><strong>καὶ</strong></span> <span class='ocrx_word' id='word_1_336' title='bbox 615 3471 1036 3552; x_wconf 56' lang='grc' dir='ltr'><strong><em>ἔξαυδατοῦσθας.</em></strong></span> <span class='ocrx_word' id='word_1_337' title='bbox 1882 3465 1889 3472; x_wconf 75' lang='grc'><em>’</em></span> <span class='ocrx_word' id='word_1_338' title='bbox 1941 3465 1949 3473; x_wconf 69' lang='grc'><strong>“</strong></span> 
     </span>
    </p>
   </div>
  </div>
 </body>
</html>
