2667 4475
533 324 1018 439 PlIYSIOL.
1077 327 1584 396 STOICOR.
1638 328 1833 397 LIB.
1884 328 1943 393 Ι.
2182 328 2316 419 549

140 468 241 526 ad
273 486 396 525 rem
429 479 766 546 praesentem
794 490 808 537 ;
843 466 926 525 illi
957 488 1094 526 vero
1126 468 1316 527 Deum
1347 470 1561 550 ubique
1590 470 1781 529 locant
1806 481 1867 529 et
1896 470 2154 531 inserunt
2173 508 2190 541 ,
2221 482 2319 527 tt>-

139 584 290 631 tum
321 574 380 631 in
409 585 526 633 toto
545 618 561 646 ,
596 586 777 633 totum
809 575 868 633 in
897 574 1154 654 partibus
1171 619 1189 649 ,
1219 578 1583 659 partiumque
1612 577 1867 657 partibus
1896 600 1913 633 ε
1948 598 2128 657 usque
2144 579 2226 636 ‘eo
2256 589 2323 635 ut

143 682 466 755 Tatianus,
499 694 661 741 vetus
677 683 942 762 scriptor,
971 682 1185 741 Zenoni
1205 684 1435 764 objiciat
1452 728 1469 758 ,
1500 686 1653 765 quod
1678 708 1807 745 eum
1836 686 2005 745 etiam
2028 685 2087 743 in
2113 686 2319 743 cloacis

143 798 226 844 et
257 786 552 845 suetudinis
582 789 902 846 constituat.
941 789 1132 847 Verba
1153 787 1177 869 (
1195 790 1437 849 Advers.
1477 790 1729 875 Gentes)
1758 815 1773 849 ε
1814 818 1843 845 ιι
1868 790 1943 850 Et
1972 791 2131 850 Deus
2159 793 2320 870 juxta

145 893 458 953 Zenonem
497 894 778 953 malorum
811 894 994 953 factor
1025 897 1166 967 erit,
1201 896 1250 954 si
1280 898 1449 956 etiam
1482 899 1543 957 in
1576 899 1781 957 cloacis
1804 942 1821 973 ,
1858 910 1915 958 et
1950 898 2275 959 vermiculis
2298 940 2317 971 ,

145 1011 225 1057 et
256 996 516 1059 nefandis
549 999 816 1079 operibus
859 1001 984 1059 aliis
1021 1002 1157 1059 insit
1187 1014 1245 1060 et
1273 1015 1551 1062 versetur.
1578 1028 1606 1055 n
1644 1004 1769 1063 Tua
1800 1006 1967 1063 venia
1986 1046 2003 1077 ,
2036 1005 2277 1063 Tatiane
2302 1027 2318 1075 ς

148 1126 279 1186 ego
305 1126 420 1164 non
446 1104 616 1164 video
645 1105 792 1165 hanc
823 1108 1115 1188 sequelam
1143 1132 1159 1166 ε
1191 1109 1304 1167 nisi
1335 1110 1384 1167 si
1412 1110 1498 1168 vis
1528 1131 1635 1167 nec
1656 1110 1875 1169 minuta
1896 1111 1993 1169 illa
2017 1124 2073 1169 et
2094 1109 2322 1171 sordida

148 1235 193 1270 a
253 1212 376 1270 Deo
415 1227 646 1272 auctore
697 1234 840 1273 esse.
891 1216 1110 1295 Atquin
1155 1228 1212 1273 et
1261 1214 1525 1274 Clemens
1570 1215 1991 1274 Alexandrinus
2050 1216 2318 1286 damnat3

145 1320 360 1377 Deum
389 1320 510 1377 istis
543 1320 856 1391 inversari3
894 1332 952 1379 et
982 1343 1100 1379 una
1127 1333 1351 1381 nostros
1384 1346 1400 1380 a
1440 1348 1466 1375 e<
1490 1321 1604 1381 Sed
1632 1344 1737 1381 nec
1762 1364 1781 1394 ,
1814 1322 2001 1401 inquit
2030 1321 2116 1403 (in
2149 1322 2327 1380 Para-

147 1421 430 1505 netico),
472 1423 686 1485 Stoicos
729 1427 1030 1506 praeteribo
1050 1470 1066 1500 ‚
1114 1429 1214 1508 qui
1259 1428 1447 1487 Deum
1487 1448 1593 1507 per
1634 1448 1861 1486 omnem
1910 1420 2283 1505 substantiam
2303 1470 2319 1501 ,

151 1532 342 1591 etiam
371 1532 702 1591 vilissimam
735 1534 1062 1613 pertingere
1093 1534 1254 1595 aiunt
1279 1556 1293 1590 ε
1320 1546 1379 1592 et
1410 1533 1577 1593 valde
1610 1532 2029 1613 Philosophiam
2060 1532 2326 1591 dehone-

149 1650 342 1697 stant.
375 1664 402 1689 z·
437 1636 596 1697 Bono
628 1658 800 1697 sensu
818 1682 836 1710 ,
866 1660 984 1699 non
1023 1649 1199 1719 put03
1237 1639 1413 1697 immo
1446 1651 1502 1698 et
1520 1639 1797 1719 Theologi
1817 1639 2003 1697 Deum
2039 1637 2283 1696 essentia
2305 1678 2322 1709 ,

149 1744 424 1826 potentia
445 1786 462 1815 ,
506 1743 806 1823 praesentia
847 1743 1062 1823 ubique
1081 1787 1098 1816 ,
1158 1755 1216 1802 et
1261 1744 1323 1806 in
1367 1746 1630 1809 omnihus
1674 1756 1915 1825 ponunt.
1956 1743 2327 1823 Dicimusque

155 1848 460 1921 audacter,
496 1870 628 1907 eum
658 1848 910 1907 Arnobio
938 1845 1081 1928 (lib.
1116 1847 1241 1929 VI)
1275 1871 1292 1905 ε
1333 1875 1361 1901 «ι
1391 1849 1693 1931 Proprium
1720 1849 1829 1911 hoc
1860 1848 1969 1909 Dei
1990 1893 2007 1922 ,
2039 1848 2327 1929 complere

151 1954 362 2013 omnia
381 1954 442 2013 vi
471 1976 571 2013 sua
589 1998 608 2028 ,
639 1976 764 2013 non·
777 1954 1059 2034 partiliter
1079 1956 1306 2035 uspiam
1327 1998 1345 2028 ‚
1380 1956 1488 2019 sed
1505 1958 1719 2037 ubique
1744 1977 1865 2015 esse
1892 1968 2093 2015 totum.
2121 1982 2147 2007 u
2180 1956 2325 2015 Cum

162 2061 531 2119 Damascene
573 2083 590 2117 ε
639 2087 674 2121 ιι,
689 2061 962 2119 Divinum
995 2061 1142 2121 illud
1169 2062 1292 2121 sine
1323 2062 1629 2142 partitione
1651 2105 1668 2135 ,
1701 2074 1881 2121 totum
1914 2062 2161 2120 totaliter
2189 2062 2331 2119 uhi-

157 2188 286 2249 qne
317 2188 441 2225 esse
460 2210 478 2241 ,
513 2178 572 2225 et
617 2167 676 2223 in
711 2168 979 2227 omnibus
1021 2188 1179 2240 esse,
1227 2179 1284 2226 et
1325 2188 1498 2249 super
1529 2169 1721 2225 omnia
1752 2188 1874 2225 esse
1901 2189 1917 2237 ;
1947 2192 1975 2217 »ι
2012 2168 2333 2246 iterumque

157 2273 300 2355 (lib.
337 2272 366 2332 I
385 2316 402 2347 ,
436 2294 563 2352 cap.
607 2269 703 2352 16)
736 2295 755 2332 ι
788 2299 816 2324 κ
843 2273 1032 2330 Deum
1056 2275 1246 2334 omnia
1269 2275 1545 2353 implere,
1583 2285 1641 2331 et
1665 2294 1839 2352 super
1860 2275 2052 2332 omnia
2082 2293 2203 2331 esse
2222 2316 2238 2345 ,
2274 2285 2333 2332 et

159 2380 364 2438 omnin
394 2378 706 2436 continere.
741 2403 768 2430 v»
811 2376 949 2450 Quae
977 2379 1154 2436 verba
1183 2380 1318 2436 satis
1349 2379 1537 2457 palam
1570 2376 1767 2436 dicunt
1785 2422 1801 2450 ,
1836 2377 1991 2458 quod
2024 2391 2083 2436 et
2110 2378 2322 2453 Stoici,

158 2488 334 2546 illum
368 2511 396 2538 ιι
422 2485 572 2543 intra
603 2495 660 2542 et
689 2495 852 2542 extra
879 2505 1048 2542 suum
1075 2505 1218 2564 opus
1249 2505 1393 2542 esse.
1420 2509 1447 2536 ι»
1475 2483 1774 2558 Quomodo
1798 2483 1995 2543 extra?
2019 2485 2078 2542 in
2100 2484 2323 2557 Vacuo,

159 2592 329 2675 quod
358 2592 536 2652 nostri
565 2602 820 2671 ponunt,
855 2591 916 2650 iu
949 2590 1074 2648 loco
1106 2589 1439 2648 dicendum.
1462 2591 1568 2648 Vis
1596 2590 1778 2672 magis
1807 2611 1921 2649 non
1954 2601 2153 2671 argute
2172 2633 2188 2663 ‚
2224 2590 2327 2649 sed

161 2719 309 2758 vere
343 2697 617 2757 efferam?
651 2697 806 2756 Deus
837 2709 924 2756 est
953 2698 1077 2777 ipse
1106 2698 1214 2756 sibi
1245 2698 1424 2756 locus.
1460 2694 1611 2755 Ecce
1640 2709 1772 2756 ante
1802 2687 2088 2756 Mundum
2118 2697 2329 2756 condi-

163 2817 330 2878 tum,
367 2826 546 2884 quum
591 2802 737 2862 nihil
781 2815 961 2876 esset,
1007 2803 1106 2861 uhi
1151 2804 1309 2862 Deus
1344 2803 1506 2862 erat?
1539 2803 1695 2884 apud
1728 2825 1789 2862 se
1813 2845 1830 2876 ,
1876 2817 1933 2862 et
1967 2803 2028 2861 in
2056 2824 2138 2861 se.
2173 2802 2329 2876 Quid

163 2910 408 2971 tamen?
441 2930 632 2969 nonne
684 2909 856 2968 etiam
899 2909 1118 2990 signate
1167 2910 1229 2968 iu
1274 2910 1425 2968 Caelo
1470 2930 1591 2969 esse
1634 2908 1865 2982 dicitur,
1896 2921 1962 2967 ut
2005 2930 2109 2967 sua
2146 2908 2325 2967 sede?

165 3019 422 3092 Dicitur,
459 3031 515 3078 et
542 3019 694 3078 bono
722 3037 938 3098 suoque
969 3039 1161 3078 sensu.
1195 3019 1581 3078 Damascenus
1614 3041 1631 3076 z
1666 3045 1694 3070 «
1716 3019 1938 3076 Dicitur
1960 3028 2016 3074 et
2038 3017 2145 3075 Dei
2164 3016 2325 3075 locus

168 3126 276 3186 ubi
309 3124 702 3185 manifestatur
729 3125 910 3206 magis
939 3127 1194 3205 operatio
1225 3127 1347 3204 ejus
1380 3137 1437 3184 et
1464 3126 1643 3208 gratia
1663 3169 1679 3197 ‚
1713 3137 1769 3184 et
1793 3123 1993 3206 gloria.
2019 3149 2047 3174 ἰ
2072 3123 2211 3183 Tale
2242 3135 2327 3183 est

173 3231 422 3304 Coelum,
455 3233 554 3290 ubi
585 3233 734 3290 beati
770 3231 850 3289 illi
882 3231 1124 3312 Spiritus
1145 3275 1162 3304 ,
1197 3232 1297 3290 ubi
1327 3232 1625 3291 beatorum
1656 3233 1856 3290 animae
1882 3255 1897 3302 3
1943 3243 1999 3289 et
2026 3231 2181 3290 velut
2211 3254 2322 3290 cu-

173 3336 368 3396 mulus
385 3381 402 3410 ,
435 3350 490 3396 et
517 3337 809 3418 splendor,
841 3338 1170 3417 majestatis.
1199 3337 1414 3398 Iterum
1437 3338 1822 3398 Damasccnus
1855 3361 1871 3396 ε
1909 3364 1937 3391 «
1965 3337 2199 3398 Dicitur·
2212 3338 2322 3398 Dei
2360 3387 2363 3390 .

173 3443 367 3516 locus,
401 3444 500 3522 qui
529 3443 838 3523 plurimum
871 3446 995 3522 ejus
1024 3445 1369 3526 operationis
1401 3445 1702 3524 participat
1732 3456 1790 3503 et
1817 3446 2009 3526 gratiae
2036 3469 2053 3502 ε
2087 3445 2329 3524 ideoque

177 3548 392 3608 Caelum
425 3549 476 3607 ei
510 3548 694 3608 sedes.
724 3575 752 3601 n
787 3548 906 3608 Nec
935 3551 1128 3630 inepta
1163 3551 1584 3636 comparatione
1608 3549 1934 3610 Lactantius
1963 3549 2089 3630 (De
2120 3550 2323 3631 opific.

179 3656 326 3728 Dei,
363 3677 490 3736 cap.
533 3651 644 3735 15)
679 3676 694 3710 ε
733 3679 762 3708 «
792 3655 1039 3716 Videtur
1068 3657 1272 3730 Mens,
1307 3679 1431 3738 quae
1464 3655 1817 3716 dominatum
1852 3659 2103 3740 corporis
2133 3668 2289 3715 tenet
2308 3699 2322 3728 ‚

179 3762 244 3820 in
275 3785 494 3821 summo
531 3761 718 3841 capite
751 3762 1052 3819 constituta
1073 3805 1091 3834 ,
1138 3774 1427 3843 tamquam
1471 3764 1530 3821 in
1584 3765 1719 3822 caelo
1763 3763 1943 3823 DeuS.
1975 3789 2002 3815 υ
2040 3761 2144 3820 Est
2174 3763 2327 3820 enim

185 3880 244 3926 et
273 3869 395 3949 ipse
425 3867 626 3928 Stoicis
645 3911 662 3941 ,
695 3866 864 3926 Mens
889 3866 1120 3928 Mundi.
1155 3867 1281 3941 Quo
1309 3881 1541 3951 aspectu
1571 3869 1781 3930 Statius
1811 3869 1978 3928 docte
2000 3892 2017 3926 ε

512 3987 687 4036 Arcem
708 3985 836 4036 hanc
861 3992 1088 4036 aternam
1103 4020 1118 4046 ,
1143 3987 1322 4036 mentis
1344 3988 1547 4036 aeraria
1570 3995 1761 4038 nostrae.
1790 3986 1893 4054 (111
1914 3987 2099 4055 Theb.)

189 4086 265 4153 Et
297 4087 508 4154 Coelum
537 4109 746 4170 nempe
771 4089 853 4149 sic
881 4099 1046 4148 vocat
1073 4088 1198 4168 ipse
1229 4085 1475 4168 Jupiter,
1508 4089 1605 4148 ubi
1636 4090 1933 4169 ἡγεμονικόν
1958 4089 2098 4152 illud
2121 4113 2140 4162 ;4
2160 4113 2335 4176 supra
