2667 4475
383 274 505 361 148
958 271 1041 340 1..
1097 270 1447 339 ANNAEI
1493 268 1921 365 SENECAE

244 438 254 457 =
367 404 543 473 ceris
574 427 589 469 :
617 424 820 494 quam
847 413 1010 493 opto
1039 398 1463 469 mehercules
1485 400 1820 494 mitigari,
1856 415 1926 469 et
1951 414 2069 469 aut
2094 406 2324 470 sanari
2345 455 2364 486 ,
2397 422 2511 473 aut

369 532 549 586 stare
593 532 664 583 et
713 538 870 583 cum
907 515 1054 607 ipso
1089 536 1473 583 senescere.
1524 511 1663 582 Sed
1704 538 1985 583 securus
2021 512 2111 581 de
2147 514 2269 583 illo
2304 540 2449 585 sum
2488 546 2503 584 =

367 633 454 701 de
488 647 716 702 nostro
753 630 998 699 damno
1032 631 1286 723 agitur,
1329 627 1583 722 quibus
1614 652 1819 697 senex
1848 630 2166 723 egregius
2192 632 2503 726 eripitur.

363 751 537 817 Nam
568 751 714 843 ipse
747 748 902 817 vitae
940 746 1188 840 plenus
1221 762 1320 813 est
1341 795 1360 827 ,
1406 746 1520 812 cui
1554 744 1761 837 adjici
1802 744 1981 813 nihil
2012 745 2361 816 desiderat
2393 772 2509 816 sua

252 878 313 932 ιε
363 886 607 945 causa,
663 859 785 931 sed
835 884 1074 929 eorum
1118 858 1371 953 quibus
1410 857 1599 926 utilis
1630 872 1736 927 est
1761 863 1810 924 ¹.
1858 859 2271 929 Liberaliter
2304 860 2503 943 facit,

247 1818 304 1863 ¹7

365 981 549 1071 quod
572 980 766 1051 vivit.
795 977 990 1046 Alius
1002 977 1145 1070 jam
1172 977 1299 1044 hos
1324 975 1662 1075 cruciatus
1679 976 1945 1043 finisset
1974 1002 1989 1043 :
2015 976 2135 1045 hic
2159 993 2297 1045 tam
2314 994 2508 1073 turpe

361 1112 558 1192 putat
605 1112 893 1165 mortem
942 1095 1181 1189 fugere
1206 1143 1225 1175 ‚
1277 1116 1484 1185 quam
1526 1091 1616 1160 ad
1660 1108 1947 1161 mortem
1996 1094 2394 1188 confugere.
2428 1134 2501 1148 —

362 1212 556 1307 Quid
583 1214 800 1307 ergo?
825 1236 1002 1295 non,
1037 1212 1093 1278 si
1119 1208 1433 1279 suadebit
1452 1231 1597 1293 res,
1630 1208 1844 1277 exibit
1861 1210 2256 1303 P-Quidni
2282 1229 2503 1294 exeat,

361 1332 418 1400 si
462 1354 662 1400 nemo
686 1332 829 1424 jam
862 1330 963 1397 uti
1000 1351 1080 1395 eo
1117 1326 1425 1420 poterit?
1458 1325 1515 1393 si
1548 1324 1727 1392 nihil
1764 1324 1990 1411 aliud,
2037 1350 2239 1420 quam
2289 1327 2505 1397 dolori

362 1471 637 1542 operam
665 1446 899 1516 dabit?
921 1446 1068 1513 Hoc
1093 1457 1229 1524 est,
1263 1443 1358 1509 mi
1386 1434 1645 1525 Lucili,
1677 1440 2177 1536 philosophiam
2204 1444 2281 1511 in
2306 1467 2505 1539 opere

359 1562 622 1633 discere
645 1568 701 1647 ²,
745 1560 934 1631 etad
966 1584 1206 1629 verum
1239 1558 1543 1628 exerceri
1583 1584 1602 1626 ε
1641 1556 1879 1626 videre
1919 1558 2089 1650 quid
2113 1560 2319 1628 homo
2348 1586 2507 1655 pru-

361 1678 530 1747 dens
554 1678 763 1746 animi
791 1675 1042 1743 habeat
1067 1688 1304 1742 contra
1325 1688 1610 1742 mortem
1630 1722 1651 1755 ,
1674 1689 1913 1743 contra
1938 1674 2279 1761 dolorem3
2304 1701 2507 1768 quum

359 1791 478 1859 illa
510 1788 789 1859 accedat
807 1782 862 1873 ³,
909 1788 1036 1855 hic
1082 1802 1373 1880 premat.
1428 1785 1622 1879 Quid
1668 1786 2057 1855 faciendum
2112 1789 2243 1871 sit,
2304 1814 2351 1858 a
2402 1791 2509 1859 fa-

359 1910 585 1981 ciente
622 1903 1024 1973 discendum
1072 1917 1199 1972 est.
1240 1901 1487 1971 Adhuc
1521 1905 1941 1998 argumentis
1974 1918 2197 1973 actum
2237 1923 2385 1993 est,
2422 1931 2506 1974 an

359 2018 631 2119 posset⁴
666 2021 916 2113 aliquis
949 2018 1169 2087 dolori
1206 2020 1565 2107 resistere,
1600 2044 1691 2087 an
1719 2046 1901 2089 mors
1931 2045 2211 2115 magnos
2237 2018 2527 2116 quoque'

361 2144 622 2211 animos
657 2137 927 2207 admota
963 2130 1462 2205 submitteret⁵.
1508 2136 1701 2230 Quid
1746 2162 1917 2233 opus
1963 2155 2069 2208 est
2109 2140 2400 2209 verbis?
2429 2143 2505 2209 In

363 2283 504 2326 rem
538 2269 941 2352 praesentem
976 2245 1239 2323 eamus!
1285 2277 1414 2323 nec
1446 2277 1629 2322 mors
1659 2251 1851 2323 illum
1876 2247 1903 2291 ⁶
1940 2271 2175 2324 contra
2208 2256 2507 2326 dolorem

364 2481 510 2555 eujus
530 2479 688 2544 alius,
721 2478 785 2531 ad
809 2495 963 2548 quam
995 2474 1277 2546 pertinent:
1306 2474 1389 2527 his

363 2561 687 2614 scr-trionibus
723 2569 815 2610 etc.
836 2582 903 2595 —
917 2553 1090 2608 Schw.
1124 2573 1245 2607 vero
1259 2551 1279 2608 't
1299 2554 1391 2607 Nil

366 2657 491 2710 opus
513 2656 616 2690 esse
635 2634 860 2696 videtur,
878 2645 935 2685 ut
951 2651 1066 2684 eum
1081 2631 1203 2684 viris
1228 2629 1393 2683 doctis

1488 2480 1527 2526 ὸ
1540 2477 1833 2549 desmdre...
1844 2475 1913 2530 Se‘
1927 2487 2049 2531 cette
2066 2479 2446 2532 consideration
2462 2491 2507 2532 te

1490 2558 1667 2607 retient
1678 2556 1915 2623 aujourd
1920 2549 2029 2607 'hue‘
2038 2595 2052 2620 ,
2069 2553 2168 2608 elle
2185 2565 2233 2608 te
2254 2560 2505 2611 rettendm

1489 2651 1665 2686 encore
1678 2633 1893 2685 demaae‘n
1905 2673 1921 2700 ‚
1936 2639 2091 2702 apres
2108 2635 2327 2686 demain
2340 2673 2357 2700 ‚
2380 2645 2509 2687 toute

363 2726 639 2767 statuamus
662 2711 806 2785 plura
824 2710 1060 2780 quedam
1079 2706 1393 2762 intercidisse

366 2803 482 2844 aute
503 2791 595 2843 ista
612 2788 778 2841 verba.
804 2785 1132 2857 Respondete
1152 2785 1259 2838 hoec
1289 2804 1397 2856 po-

367 2870 464 2922 tuit
479 2870 674 2922 Seneca
691 2866 753 2919 ad
779 2865 1145 2940 precedentem
1168 2863 1390 2933 aliquam

369 2949 552 3003 Lucilii
572 2946 853 3021 Epistulam
876 2962 966 2999 :ac
986 2944 1092 2997 sive
1109 2962 1256 3004 casu,
1283 2941 1392 2993 sive

370 3026 599 3081 consulto
638 3023 867 3078 omittere
909 3021 1072 3096 potuit
1115 3018 1213 3072 viri
1255 3018 1394 3072 illius

370 3127 557 3160 nomeu
575 3146 590 3173 ,
611 3107 676 3160 de
696 3124 798 3175 quo
823 3103 904 3156 hic
922 3102 1106 3176 agitur.

445 3205 485 3236 ι.
501 3184 612 3236 Sed
623 3203 725 3236 eor.
745 3201 796 3252 q.
810 3184 929 3234 ute'l.
943 3198 985 3232 e.
1013 3179 1208 3232 Eodem
1229 3197 1397 3252 argu-

369 3275 544 3318 mento
568 3261 665 3314 sibi
695 3271 908 3312 mortem
932 3255 1272 3311 conscisceudi
1297 3276 1397 3308 cu-

371 3342 632 3416 piditatem
655 3339 886 3392 insanam
928 3333 1216 3410 aggreditur
1239 3331 1396 3386 J.-J.

369 3419 648 3472 Bous-seon
673 3436 690 3471 .·
715 3414 826 3469 S’il
846 3424 897 3467 te
921 3423 1050 3466 reste
1072 3433 1146 3464 au
1151 3411 1300 3484 fond
1321 3413 1397 3463 du

369 3519 511 3554 coem·
527 3500 575 3550 lc
591 3497 830 3551 mamare
847 3497 1114 3548 sentiment
1127 3491 1194 3544 de
1209 3501 1353 3543 ver-tu
1372 3529 1390 3553 ,

369 3582 513 3634 siens
527 3617 544 3640 ,
573 3597 674 3648 que
690 3583 739 3640 ie
761 3577 1062 3643 t'apprenne
1083 3575 1120 3622 ὸ
1142 3575 1310 3623 aimer
1333 3573 1395 3622 Ia

371 3661 475 3712 vie.
501 3655 714 3724 Clioque
722 3653 837 3726 sois
870 3670 970 3722 que
1006 3659 1062 3702 tu
1093 3665 1243 3701 seras
1264 3647 1404 3700 tente'

372 3737 494 3789 d’en
513 3737 699 3798 sor-tir,
721 3731 808 3782 dis
829 3748 892 3782 en
911 3728 1173 3781 toi-mssme
1193 3744 1210 3776 .·
1229 3743 1328 3792 que
1346 3731 1397 3788 je

352 3819 516 3888 fasse
540 3829 715 3865 encore
743 3827 842 3861 une
862 3809 1025 3858 bonne
1045 3805 1215 3856 action
1232 3813 1399 3854 avant

370 3911 471 3961 que
482 3893 546 3943 de
556 3885 910 3941 moure'r.Pm⁰s
927 3905 997 3937 va
1013 3881 1244 3936 chereber-
1260 3883 1397 3947 quel·

373 3989 472 4036 que
485 3969 713 4035 indigent
723 3969 760 4014 ὰ
770 3962 1229 4031 “courir-,quelque
1241 3959 1395 4028 infin·-

371 4045 502 4098 tune'
513 4044 798 4108 &con-soler,
815 4041 1033 4110 quelque
1045 4037 1394 4092 mathemeux

1490 2713 1548 2763 Ia
1564 2713 1657 2763 vie.
1671 2708 1738 2762 Sa·
1746 2711 1844 2762 elle
1856 2730 1920 2763 ne
1934 2720 1983 2763 te
1992 2714 2174 2764 rete'ent
2182 2728 2505 2780 pas‚meun.·

1490 2799 1549 2840 tu
1574 2790 1687 2840 n’es
1715 2806 1785 2857 qu
1793 2791 1880 2840 'un
1901 2788 2155 2841 me'cbant.

1556 2883 1603 2917 2.
1642 2865 1716 2916 In
1752 2883 1901 2932 opere
1932 2867 2139 2918 discen.
2180 2865 2272 2920 Sic
2307 2867 2508 2941 plurimi

1488 2943 1637 2998 codd.
1656 2955 1705 2996 at
1720 2943 1927 3014 quidam
1949 2947 2006 2996 in
2025 2963 2156 3014 opus
2174 2946 2377 3008 ducere,
2396 2947 2505 2997 item

1490 3022 1639 3076 bene.
1659 3033 1859 3095 propter
1875 3023 2135 3092 sequentia
2155 3041 2168 3074 :
2188 3027 2246 3076 e'n
2262 3043 2373 3077 rem
2382 3044 2507 3094 proe·

1491 3110 1685 3154 sentem
1705 3119 1908 3152 eamus.
1928 3099 2109 3152 Ruhk.

1562 3177 1611 3230 3.
1640 3177 1821 3250 Quum
1837 3179 1937 3231 itta
1950 3179 2167 3231 accedat
2177 3219 2191 3240 ,
2206 3179 2287 3232 Iu‘c
2294 3187 2505 3248 prame.

1494 3257 1693 3310 accedit
1705 3255 1956 3309 malebam
1971 3296 1986 3324 ,
2009 3268 2056 3309 et
2065 3262 2284 3326 premit,·
2299 3271 2360 3311 ut
2372 3256 2505 3318 alibi,

1492 3331 1582 3384 ubi
1604 3353 1767 3400 quum
1792 3345 1988 3407 tempus
2014 3333 2283 3408 signifiat.
2310 3334 2416 3388 Sed
2440 3331 2507 3384 ui!

1493 3421 1691 3463 mutant
1712 3408 1835 3464 libri
1864 3429 1879 3462 ι
1912 3430 2093 3484 nempe
2125 3433 2291 3484 quum
2314 3413 2399 3466 hic
2426 3431 2507 3485 pro

1490 3489 1732 3557 quamvis
1755 3487 1913 3558 accipi
1940 3487 2157 3542 debebit.
2172 3489 2339 3544 seha.

1558 3567 1607 3632 4.
1617 3566 1819 3618 Posset.
1841 3566 1928 3619 Sic
1947 3585 2067 3619 mss.
2078 3587 2131 3618 a.
2156 3566 2229 3620 R.
2252 3569 2329 3620 A.
2342 3567 2506 3640 Vulgo

1486 3647 1670 3713 possit.
1691 3641 1856 3698 Schw.

1562 3723 1608 3772 5.
1631 3719 1972 3776 submitteret
2011 3720 2258 3774 dederunt
2293 3741 2348 3774 a.
2373 3742 2414 3774 e.
2438 3723 2504 3772 A.

1492 3798 1665 3873 Vulgo
1688 3799 2001 3851 submittere.
2021 3797 2181 3850 Scbw.

1558 3875 1608 3929 6.
1636 3875 1743 3930 Nec
1770 3895 1914 3928 mors
1939 3877 2143 3928 ittam...
2164 3887 2342 3929 contra
2360 3895 2510 3928 mon-

1492 3966 1611 4008 tem.
1628 3952 1735 4007 Lux
1758 3973 1783 4006 e
1804 3953 2127 4026 sequentibus
2150 3953 2393 4026 affulget:
2413 3953 2507 4006 sci-

1492 4033 1609 4086 licet
1645 4051 1748 4084 nou
1788 4031 1903 4084 ideo
1944 4043 2113 4086 contra
2150 4031 2348 4084 dolores
2371 4029 2508 4083 fortis
