2667 4475
640 340 701 409 E
748 339 1099 408 Llssms
1142 339 1614 410 SENECAE.
2128 344 2270 439 449

110 465 513 536 Continentia
548 489 564 528 :
602 492 632 521 «ι
666 485 705 529 a
724 483 987 550 corpore
1004 465 1084 528 ad
1108 463 1408 548 spiritum.
1433 491 1466 522 n
1487 461 1640 528 Mox
1665 466 1729 528 in
1751 469 2006 530 eodem:
2040 495 2072 523 «ι
2103 465 2270 532 Scito

109 575 263 659 quia
290 570 559 660 profuit,
588 584 652 636 et
678 571 829 636 scito
861 569 1003 654 quia
1020 571 1310 654 prodesse
1330 570 1542 634 voluit.
1562 597 1590 626 υ
1622 568 1770 635 Haec
1793 571 2082 635 nimirum
2107 572 2275 636 chri-

116 680 507 746 stianismum
533 677 722 741 olent.
754 675 893 740 Nec
923 688 1128 738 tamen
1162 677 1432 760 ejusdem
1459 675 1724 739 hominis
1757 677 1992 740 videtur
2019 699 2277 742 consar-

120 785 375 850 cinatio.
418 783 587 848 Nam
634 780 934 866 appendix
991 782 1069 843 de
1114 783 1533 843 moderatione
1574 781 1944 866 singularum
1995 783 2284 848 virtutum

121 892 394 976 ineptior
422 903 514 954 est
544 888 859 974 superiore
906 900 1103 972 parte.
1144 886 1364 972 Capita
1396 891 1470 950 dc
1517 889 1837 974 prudentia
1864 892 2235 956 moderanda
2259 939 2279 970 ‚

124 1001 329 1080 deque
356 993 754 1080 temperantia
782 1007 909 1055 tam
944 1005 1119 1057 erant
1155 992 1219 1055 in
1254 991 1699 1077 exemplaribus
1726 994 1894 1056 varia
1915 1040 1933 1073 ‚
1977 1009 2042 1058 ut
2073 997 2280 1080 palam

126 1119 297 1168 esset
331 1105 392 1167 id
431 1103 625 1167 studio
652 1101 898 1166 factum.
924 1098 1219 1185 Comperi
1243 1113 1437 1164 totum
1462 1122 1614 1186 opus
1643 1101 1800 1165 mire
1839 1104 2230 1188 depravatum
2260 1150 2279 1182 ,

130 1216 249 1277 sed
274 1212 479 1276 cedite
507 1209 811 1294 descripta
841 1208 971 1273 fere
1005 1209 1212 1271 omnia
1240 1207 1494 1271 restitui.
1531 1235 1564 1264 »ι
1629 1257 1636 1268 .

242 1368 560 1459 Quatuor
584 1365 917 1432 virtutum
941 1362 1203 1456 species
1228 1362 1594 1432 multorum
1619 1364 1995 1459 sapientum
2018 1380 2296 1434 senten-

138 1485 264 1554 tiis
301 1480 614 1549 diffinitae
654 1495 811 1549 sunt
832 1479 1146 1580 ‚quibus
1178 1481 1446 1548 animus
1481 1481 1820 1550 humanus
1854 1483 2171 1574 componi
2205 1481 2294 1552 ad

136 1585 567 1667 honestatem
592 1597 751 1665 vitae
782 1595 1019 1690 possit.
1062 1597 1315 1665 Harum
1357 1597 1574 1689 prima
1611 1612 1714 1665 est
1745 1597 2137 1691 prudentia.
2173 1598 2296 1667 Se-

141 1713 372 1786 cunda
408 1715 952 1808 magnanimitas.
999 1713 1239 1781 Tertia
1282 1714 1726 1783 continentia.
1781 1715 2047 1808 Quarta
2083 1713 2292 1808 justi-

142 1835 273 1902 tia.
307 1831 605 1924 Singulae
635 1827 759 1898 tihi
791 1831 867 1897 in
896 1827 1009 1897 his
1034 1827 1277 1897 officiis
1305 1853 1458 1921 quae
1487 1829 1774 1900 subsunt
1795 1854 2070 1902 annexae
2098 1849 2292 1916 sunt,

144 1973 235 2019 ac
269 1947 443 2016 bene
477 1961 805 2015 moratum
838 1943 1063 2012 virum
1100 1943 1435 2013 efficiunt.

948 2110 1035 2152 DE
1076 2109 1494 2153 taunucus.

255 2229 591 2325 Quisquis
626 2222 1061 2322 prudentiam
1094 2227 1289 2319 sequi
1317 2224 1704 2313 desideras,
1741 2244 1904 2296 tunc
1932 2252 2058 2322 per
2091 2231 2305 2298 ratio-

152 2368 315 2417 nem
350 2361 535 2414 recte
566 2344 753 2413 vives
772 2392 795 2426 ,
832 2342 890 2411 si
926 2342 1152 2409 omnia
1181 2342 1385 2434 prius,
1409 2343 1748 2411 existimes
1780 2358 1852 2411 et
1880 2364 2250 2437 perpenses
2275 2396 2294 2428 ‚

152 2480 229 2533 et
262 2460 663 2554 dignitatem
702 2456 911 2525 rebus
953 2478 1092 2523 non
1132 2480 1215 2523 ex
1254 2456 1577 2548 opinione
1611 2456 1976 2525 multorum
1997 2508 2018 2539 ‚
2060 2457 2179 2527 sed
2217 2484 2299 2527 ex

156 2600 397 2647 earum
424 2590 669 2643 natura
694 2574 1087 2641 constituas.
1121 2574 1293 2639 Nam
1322 2573 1500 2641 scire
1527 2569 1736 2641 debes
1763 2574 1924 2666 quia
1957 2590 2118 2643 sunt
2149 2600 2303 2668 quae

155 2693 527 2765 videantur
553 2712 701 2759 esse
729 2689 941 2773 bona,
975 2703 1047 2757 et
1077 2711 1217 2757 non
1253 2704 1435 2757 sunt.
1473 2692 1559 2757 Et
1582 2705 1743 2759 sunt
1764 2712 1914 2783 quae
1938 2690 2299 2762 videantur

160 2836 307 2882 non
328 2808 511 2879 bona
534 2831 708 2890 esse,
738 2822 807 2876 et
830 2820 1012 2875 sunt.
1032 2806 1499 2899 Quaecumque
1518 2822 1747 2877 autem
1772 2833 1852 2878 ex
1881 2808 2088 2879 rebus
2115 2827 2304 2881 tran-

161 2924 419 2996 sitoriis
445 2918 753 3015 possides
774 2944 911 2988 non
938 2920 1205 2987 mireris
1221 2968 1244 3005 ,
1270 2942 1400 2989 nec
1421 2944 1736 3014 magnum
1756 2925 2094 2992 existimes
2121 2926 2306 3017 quod

160 3039 501 3111 caducum
534 3052 637 3105 cst
669 3062 687 3103 ι
723 3059 857 3104 nec
903 3032 1087 3127 apud
1141 3050 1207 3103 te
1260 3058 1412 3126 quae
1456 3034 1668 3104 habes
1716 3054 2035 3130 tanquam
2083 3039 2308 3109 aliena

162 3153 509 3233 servabis,
546 3150 667 3219 sed
702 3175 827 3245 pro
866 3167 934 3219 te
974 3164 1292 3243 tanquam
1333 3165 1452 3219 tua
1488 3150 1836 3246 dispenses
1863 3167 1932 3222 et
1961 3156 2200 3223 utaris.
2233 3157 2307 3225 Si

164 3270 605 3369 prudentiam
628 3268 1093 3362 amplecteris,
1134 3266 1394 3359 ubique
1421 3266 1602 3337 idem
1641 3270 1780 3337 eris
1800 3318 1823 3355 ,
1865 3284 1935 3337 et
1962 3287 2166 3365 prout
2192 3297 2306 3342 re-

166 3412 325 3457 rum
362 3410 443 3455 ac
474 3400 855 3478 temporum
871 3383 1161 3452 varietas
1178 3382 1419 3475 exigit,
1456 3385 1547 3451 ita
1566 3400 1634 3451 te
1647 3386 2110 3456 accommodes
2136 3403 2309 3457 tem-

166 3500 369 3597 pori,
412 3520 543 3567 nec
580 3513 649 3566 te
685 3498 761 3565 in
800 3496 1143 3588 aliquibus
1168 3511 1420 3579 mutes,
1461 3495 1582 3564 sed
1613 3498 1840 3591 potius
1865 3515 2056 3592 aptes
2080 3550 2099 3586 ,
2139 3504 2316 3574 sicut

170 3638 413 3685 manus
458 3636 611 3709 quae
646 3613 885 3683 eadem
919 3628 1022 3682 est
1066 3636 1276 3705 quum
1321 3616 1398 3681 in
1442 3613 1733 3706 paimam
1769 3615 2157 3687 extenditur
2185 3669 2209 3705 ,
2247 3636 2318 3689 et

172 3752 389 3823 quum
425 3728 501 3796 in
543 3750 849 3821 pugnum
894 3724 1368 3821 adstringitur.
1416 3726 1780 3797 Prudentis
1823 3732 2178 3825 proprium
2216 3746 2320 3801 est

175 3843 565 3914 examinare
596 3842 877 3911 consilia
898 3890 917 3926 ‚
948 3856 1018 3909 et
1049 3866 1185 3909 non
1222 3844 1356 3911 cito
1389 3842 1574 3913 facili
1603 3842 2004 3915 credulitate
2033 3845 2121 3915 ad
2157 3846 2320 3916 falsa

171 3955 473 4051 prolabi.
512 3956 619 4026 De
653 3954 881 4025 dubiis
912 3979 1050 4024 non
1094 3952 1395 4023 diffinias
1418 4004 1438 4039 ‚
1477 3956 1598 4025 sed
1646 3980 2038 4051 suspensam
2088 3972 2321 4029 teneas

176 4052 609 4145 sententiam.
654 4072 847 4144 Nihil
888 4074 1317 4167 inexpertum
1359 4072 1694 4158 affirmes,
1745 4075 1910 4166 quia
1949 4098 2090 4143 non
2126 4098 2326 4145 omne

528 4196 646 4263 lv.
1971 4218 2066 4289 29
