2667 4475
734 326 795 393 E
840 327 1189 396 menis
1235 325 1688 397 SENECAE.
2151 331 2285 428 447

128 459 452 532 invenire
502 459 741 550 possis.
790 441 1041 551 Quaere
1092 460 1273 528 iuter
1306 457 1626 527 liberales
1657 474 1876 544 artes,
1923 461 2104 528 inter
2149 461 2286 530 ho-

126 585 331 640 nesta
365 587 435 639 et
470 585 658 640 recta
709 571 939 641 officia
976 597 990 637 ε
1034 561 1261 665 quaere
1296 574 1370 640 in
1422 571 1795 642 laboribus.
1833 571 1941 642 Ad
1989 595 2286 644 mensam

124 691 267 756 ista
330 711 438 757 res
485 711 623 758 non
672 690 1005 781 quaeritur
1048 717 1063 755 ε
1108 713 1342 782 quaere
1393 687 1689 781 aliquem
1739 691 1952 784 frugi.
2009 689 2288 760 Perdidi

122 802 452 870 amicum.
501 804 775 872 Fortem
808 804 1109 872 animum
1136 802 1314 872 habe
1339 855 1358 884 ,
1407 807 1467 870 si
1507 827 1720 872 unum
1764 829 1779 867 :
1818 804 2144 873 erubesce
2171 853 2191 890 ,
2229 807 2286 872 si

124 920 414 987 unicum
456 943 473 982 x
514 918 683 1011 quid
708 935 787 990 tu
818 921 891 987 in
919 935 1104 987 tanta
1132 934 1530 1013 tempestate
1562 920 1652 988 ad
1678 943 1886 989 unam
1922 922 2286 992 anchoram

126 1031 409 1104 stabas?
552 1016 558 1024 ’
842 1023 855 1034 ’

232 1151 532 1222 Uxorem
584 1151 825 1219 bonam
882 1152 1100 1219 amisi.
1162 1152 1404 1219 Utrum
1457 1152 1819 1219 inveneras
1861 1151 2144 1236 bonam,
2202 1177 2288 1220 an

128 1268 397 1334 feceras
419 1268 451 1334 Ρ
476 1263 552 1336 si
586 1267 945 1336 inveneras
967 1317 986 1349 ,
1018 1266 1275 1335 babere
1312 1264 1541 1335 adhuc
1575 1283 1642 1336 te
1673 1291 1870 1360 posse
1901 1292 1981 1336 ex
2019 1269 2150 1337 hoc
2176 1271 2289 1336 in·-

126 1382 409 1478 telligas
437 1383 636 1466 lieet,
673 1383 860 1475 quod
892 1383 1193 1452 habuisti
1228 1411 1243 1450 ε
1285 1385 1342 1450 si
1371 1384 1630 1452 feceras
1652 1434 1671 1466 ,
1705 1384 1882 1452 bene
1911 1409 2151 1478 sper-33
2183 1409 2292 1454 res

126 1501 347 1594 periit
384 1523 401 1563 ι
454 1499 677 1570 salvus
704 1515 807 1568 est
832 1500 1097 1568 artifex.
1144 1497 1358 1568 Amisi
1387 1523 1663 1568 uxorem
1691 1499 1962 1568 bonam.
1999 1501 2194 1594 Quid
2218 1503 2292 1568 in

130 1613 261 1683 illa
296 1615 685 1708 probabas?
719 1615 1178 1685 Pudicitiam?
1212 1616 1441 1708 Quam
1475 1614 1700 1686 multe
1733 1615 1855 1684 diu
1889 1615 2290 1685 custoditam

130 1729 543 1829 perdidere!
584 1737 811 1802 Decus
834 1735 868 1800 Ρ
898 1733 1129 1825 Quam
1178 1732 1405 1803 multae
1449 1733 1634 1800 inter
1679 1731 1994 1825 probatas
2033 1747 2297 1801 matro—

128 1850 316 1918 nalis
340 1849 645 1935 ordinis,
686 1874 833 1918 esse
870 1864 1221 1942 coeperunt
1248 1863 1483 1942 postea
1518 1850 1700 1916 inter
1725 1847 2030 1940 exempla
2071 1861 2294 1916 muta-

131 1967 403 2035 turum?
430 1965 832 2036 Delectabat
862 1981 929 2034 te
959 1963 1131 2034 fides
1160 1967 1309 2056 ejus
1336 1966 1370 2031 Ρ
1395 1963 1622 2056 Quam
1651 1964 1894 2035 multas
1911 1987 1991 2031 ex
2021 1965 2294 2057 optimis

134 2080 551 2174 conjugibus
584 2082 909 2174 pessimas
938 2078 1281 2162 videmus,
1332 2103 1414 2147 ex
1449 2077 1988 2174 diligentissimis
2023 2079 2293 2147 solutis·-
2357 2076 2362 2086 ’

132 2195 385 2267 simas!
436 2198 761 2267 Omnium
816 2195 1094 2291 quidem
1146 2197 1618 2291 imperitorum
1653 2198 1954 2276 animus,
2009 2195 2295 2261 maxime

128 2332 366 2382 tamen
411 2313 801 2394 muliebris,
842 2314 915 2380 in
951 2312 1219 2382 lubrico
1260 2328 1386 2381 est.
1423 2313 1495 2381 Si
1545 2311 1789 2381 bonam
1833 2332 2115 2378 uxorem
2158 2310 2296 2378 ba-

134 2430 355 2498 buisti
375 2480 394 2512 ,
453 2452 589 2498 non
647 2444 842 2522 potes
887 2428 1231 2501 affirmare
1277 2430 1354 2496 in
1408 2428 1528 2497 illo
1575 2452 1723 2497 eam
1779 2452 2292 2521 permansuram

134 2548 353 2616 fuis'se
393 2547 761 2640 proposito.
802 2544 993 2613 Nihil
1032 2560 1167 2612 tam
1200 2544 1450 2613 mobile
1480 2567 1686 2638 quam
1725 2545 2128 2613 feminarum
2163 2568 2291 2613 vo·-

134 2671 404 2753 luntas3
435 2668 611 2738 nibil
639 2684 775 2737 tam
800 2692 1070 2761 vagum.
1108 2669 1438 2735 Novimus
1483 2680 1788 2736 veterum
1823 2667 2290 2736 matrimonio-

137 2811 299 2857 rum
332 2784 618 2880 repudia
653 2815 673 2874 3
702 2800 773 2854 et
796 2836 815 2869 ,
854 2783 1173 2853 foediores
1214 2782 1510 2853 divortio
1533 2834 1552 2867 ,
1597 2783 1772 2852 male
1803 2784 2288 2855 cohaerentium

134 2907 353 2975 rixas.
389 2903 615 2996 Quam
658 2901 887 2971 mult-<e
928 2924 1097 2993 quos
1138 2900 1211 2968 in
1242 2898 1698 2970 adolescentia
1731 2918 2129 2970 amaverunt
2147 2952 2167 2985 ,
2213 2905 2285 2971 in

133 3021 489 3091 communi
537 3019 883 3112 reliquere
938 3006 1328 3085 senectuie!
1370 3018 1637 3109 quoties
1686 3016 1870 3085 anile
1918 3017 2286 3086 divortium

136 3137 418 3207 risimus
443 3138 474 3205 P
500 3160 704 3229 quam
740 3134 1104 3203 multarum
1137 3148 1337 3201 notus
1365 3156 1558 3203 amor
1589 3133 1748 3204 odio
1773 3134 2040 3229 notiore
2063 3150 2285 3203 muta-

136 3276 259 3325 tus
286 3252 424 3322 est!
460 3252 595 3323 Sed
622 3252 766 3323 baec
794 3266 863 3322 et
892 3252 1020 3320 fuit
1046 3251 1225 3319 bona
1249 3300 1267 3333 ,
1300 3265 1371 3318 et
1399 3251 1660 3336 fuisset,
1689 3252 1748 3320 si
1779 3252 2078 3321 vixisset.
2097 3254 2287 3322 Mors

134 3372 412 3457 effecit,
452 3388 531 3441 ut
556 3372 901 3441 affirmare
928 3367 1001 3438 id
1029 3370 1177 3439 sine
1204 3368 1514 3463 periculo
1549 3370 1793 3465 possis.
1825 3370 2080 3439 Bonam
2117 3396 2288 3441 uxo-

137 3514 293 3577 rem
316 3490 534 3558 amisi.
568 3478 887 3557 Invenies
904 3538 924 3572 ,
955 3496 1013 3555 si
1033 3485 1209 3556 nihil
1231 3486 1474 3578 quaeris
1492 3487 1624 3554 nisi
1650 3472 1920 3555 bonam.
1953 3488 2061 3555 Tu
2083 3486 2285 3556 modo

138 3632 235 3677 ne
256 3608 583 3701 imagines
599 3605 1414 3703 proavosque·respexeris
1427 3652 1450 3687 ,
1474 3626 1604 3673 nec
1624 3604 2104 3698 patrimonium
2123 3654 2146 3689 ,
2171 3608 2282 3673 cui

128 3726 285 3819 jam
330 3725 477 3818 ipsa
524 3722 847 3793 nobilitas
892 3722 1115 3793 cessit.
1167 3722 1304 3789 Ista
1342 3716 1464 3789 diu
1506 3744 1662 3791 cum
1713 3720 1928 3791 forma
1977 3745 2117 3789 non
2168 3744 2283 3788 re-

136 3841 571 3937 pugnabunt.
607 3838 905 3912 Facilius
936 3860 1135 3931 reges
1158 3836 1462 3907 animum
1493 3836 1682 3907 nulla
1705 3839 2004 3909 vanitate
2028 3853 2284 3905 tumen-

144 3976 310 4028 tem.
342 3960 507 4049 ‘Non
536 3956 827 4025 multum
860 3954 1053 4024 abest
1087 3978 1131 4021 a
1162 3968 1554 4048 contemptu
1577 3955 1748 4037 viri,
1783 3978 1950 4045 quae.
1971 3976 2044 4021 se
2077 3954 2282 4020 nimis

142 4075 454 4170 suspicit.
489 4075 641 4143 Duc
680 4072 857 4140 bene
893 4072 1267 4147 institutam
1290 4120 1309 4155 ‚
1347 4092 1476 4139 nec
1502 4072 1826 4139 maternis·
1860 4069 2276 4162 inquinatam
