2667 4475
385 358 392 363 ’
489 358 978 427 PHYSIOL.
1032 358 1535 429 STOICOR.
1589 365 1782 431 LlB.
1832 364 1975 431 ΙΙΙ.
2189 370 2323 436 663

699 604 704 607 -
786 556 1428 618 DISSERTATIO
1490 558 1701 621 XIII.

455 709 726 773 Am‘mam
756 735 955 795 corpus
981 714 1186 775 St01‘c1‘s
1211 738 1328 775 esse
1349 764 1363 785 ,
1405 718 1643 799 itemque
1674 717 2039 779 Tertulliano.

245 899 569 974 Quanam
600 901 753 960 enim
785 912 949 960 sexto
976 902 1102 961 loco
1131 901 1349 963 Seneca
1368 948 1385 975 ‚
1424 931 1451 958 ιι
1481 906 1689 965 Utrum
1720 929 1929 988 corpus
1958 908 2073 981 sit,
2106 929 2179 967 an
2203 930 2318 969 non

151 1007 282 1065 sit?
314 1032 342 1061 n
375 1006 624 1066 Omnino
651 1020 738 1067 est
777 1010 924 1089 ipsi,
958 1022 1016 1068 et
1056 1009 1258 1069 Stoicis
1292 1034 1308 1069 ε
1360 1023 1445 1069 est
1491 1013 1645 1071 enim
1690 1013 1955 1093 Spiritus.
1995 1012 2256 1075 Laertius
2297 1040 2315 1074 x

151 1141 186 1167 «
227 1115 492 1173 Animam
519 1115 791 1194 Spiritum
815 1158 832 1189 ,
871 1136 1006 1199 ergo
1037 1129 1096 1175 et
1124 1139 1332 1199 corpus
1356 1138 1499 1177 esse.
1535 1144 1563 1169 »ι
1599 1118 1715 1179 Sed
1753 1130 1817 1178 ut
1851 1118 2209 1201 Chrysippus
2230 1124 2313 1181 ait

147 1219 360 1302 (apud
382 1218 564 1301 Plut.)
581 1264 598 1293 ,
647 1248 674 1275 ιι
699 1221 911 1281 rariore
940 1233 998 1281 et
1021 1223 1279 1283 tenuiore
1305 1224 1399 1282 filo
1425 1250 1453 1275 »ι
1487 1246 1503 1282 =
1530 1224 1677 1283 adeo
1696 1236 1759 1283 ut
1792 1252 1819 1278 «ι
1844 1248 1958 1305 prae
1980 1227 2103 1307 ipsa
2127 1228 2319 1287 tenui-

147 1338 276 1386 tate
305 1326 677 1409 (Tertulliani
709 1328 882 1387 verba
901 1372 918 1401 ,
951 1328 1042 1387 De
1075 1327 1312 1411 Pugnis)
1348 1329 1422 1389 de
1454 1330 1565 1389 fide
1596 1331 2000 1412 corporalitatis
2026 1334 2321 1412 periclite-

143 1444 274 1493 tur.
299 1458 326 1487 u
363 1432 470 1492 Est
495 1444 688 1493 tamen
717 1457 732 1505 3
781 1446 839 1493 et
881 1435 1006 1514 ipse
1043 1434 1140 1494 ille
1183 1435 1381 1495 doctus
1416 1434 1554 1495 Afer
1586 1434 1681 1517 (in
1712 1438 1905 1495 multis
1934 1436 2195 1519 Stoicus)
2238 1439 2315 1497 ita

143 1562 276 1599 non
307 1541 478 1599 sentit
497 1541 681 1600 solum
705 1585 722 1615 ‚
746 1541 849 1601 sed
877 1542 1068 1623 prodit
1099 1554 1155 1602 et
1184 1556 1527 1625 propugnat.
1564 1542 1761 1624 Ipsum
1780 1586 1797 1615 ,
1834 1544 1883 1601 si
1910 1545 2027 1616 vis,
2060 1543 2193 1603 vide
2211 1588 2227 1617 ,
2256 1555 2314 1603 et

145 1648 474 1709 Stoicorum
501 1646 637 1731 (eos
685 1651 1020 1709 nominatim
1064 1648 1314 1733 allegat)
1359 1653 1618 1732 exposita
1661 1664 2014 1733 argumenta.
2067 1651 2193 1710 Hoc
2237 1653 2315 1711 ita

146 1756 264 1813 soli
294 1755 467 1815 Stoici
497 1770 556 1815 et
583 1754 856 1838 Epicurei
880 1800 897 1830 ‚
925 1768 1132 1837 praeter
1161 1768 1420 1815 auctores
1452 1770 1709 1817 veterum
1740 1768 2024 1817 sectarum
2054 1802 2072 1831 ,
2106 1758 2313 1838 quibus

145 1864 491 1943 incorporea
535 1864 656 1923 visa
692 1886 712 1921 2
744 1864 914 1923 etiam
947 1860 1277 1945 Pythagorae
1301 1908 1317 1936 ,
1366 1876 1431 1923 ut
1472 1862 1807 1923 Plutarchus
1851 1866 1929 1923 ait
1976 1864 2304 1946 (Plutarch.

151 1966 242 2025 lV
280 1966 370 2027 De
410 1968 562 2028 Plac.
599 1990 728 2050 cap.
765 1988 800 2027 2
836 1982 893 2029 et
923 1964 1028 2047 3),
1061 1969 1166 2029 etsi
1195 1970 1463 2050 discipuli
1492 1973 1615 2051 ejus
1638 2015 1653 2044 ‚
1690 1972 1791 2053 qui
1822 1969 2065 2031 Aer-eum
2099 1974 2321 2055 aliquid

147 2075 477 2135 statuebant
498 2118 514 2147 ‚
547 2096 752 2155 corpus
779 2072 1059 2134 fecerunt.
1095 2074 1222 2134 Non
1257 2089 1446 2135 tamen
1480 2097 1677 2137 omnes
1711 2101 1727 2135 ε
1767 2104 1793 2131 ιι
1831 2089 1888 2136 et
1918 2076 2122 2137 Sextus
2146 2090 2311 2159 pater

147 2202 220 2241 ac
255 2180 403 2241 filius
430 2180 698 2264 (Senecae
721 2180 936 2241 laudati
959 2224 976 2254 ,
1009 2192 1067 2241 et
1096 2179 1304 2241 Italicae
1335 2182 1487 2242 illius
1519 2194 1683 2242 sectae
1698 2179 1901 2263 )hanc
1940 2204 2113 2264 super
2153 2185 2308 2242 omni

147 2290 363 2348 Anima
390 2289 574 2347 tulere
613 2290 954 2348 sententiam
978 2312 994 2345 ε
1021 2287 1401 2368 Incorporalis
1426 2331 1443 2362 ,
1478 2267 1775 2368 inquiunt,
1815 2290 1999 2347 omnis
2042 2301 2127 2347 est
2162 2291 2308 2348 Aui-

101 2415 249 2466 ,ma
272 2436 289 2467 ,
324 2404 381 2452 et
409 2393 646 2452 illocalis
685 2405 858 2473 atque
895 2392 1316 2474 indeprehensa
1344 2395 1430 2452 vis
1456 2393 1751 2476 quaedam,
1791 2417 1917 2474 quae
1953 2397 2079 2454 sine
2117 2398 2302 2477 spatio

143 2522 334 2582 capax
358 2543 375 2574 ‚
430 2521 636 2581 eorpus
681 2497 873 2558 haurit
905 2510 961 2558 et
1011 2501 1284 2560 continet.
1319 2527 1348 2554 »ι
1397 2500 1515 2560 Ista
1560 2502 1620 2562 in
1664 2500 1978 2560 Claudiano
2022 2501 2305 2562 Mamerto

141 2611 306 2690 legas
332 2605 474 2690 (lib.
503 2605 535 2666 I
556 2650 573 2681 ,
603 2628 733 2688 cap.
761 2603 884 2690 9),
918 2607 1018 2687 qui
1046 2619 1159 2666 tres
1182 2605 1254 2666 de
1283 2609 1501 2667 Animae
1528 2619 1679 2668 statu
1702 2608 1877 2667 libros
1900 2610 2157 2689 scripsit,
2188 2609 2303 2668 dici

137 2737 266 2777 non
298 2727 484 2796 potest
503 2758 520 2788 ‚
551 2737 726 2796 quam
755 2713 1007 2774 eruditos
1033 2758 1051 2787 ,
1087 2715 1375 2798 elegantes
1399 2759 1415 2790 ,
1452 2727 1508 2775 et
1541 2715 1795 2774 subtiles.
1833 2713 2074 2775 Veteres
2106 2737 2303 2775 omnes

139 2825 214 2882 in
242 2815 614 2882 hoc'tractatu
643 2834 827 2904 aequat
848 2866 865 2895 ,
898 2834 997 2881 aut
1023 2822 1220 2880 vincit.
1254 2818 1331 2882 Et
1365 2836 1449 2882 est
1479 2843 1674 2882 revera
1705 2823 2038 2903 incorporea
2062 2824 2251 2883 anima
2281 2847 2297 2881 z

139 2951 215 2990 ac
247 2927 460 2988 Stoicos
485 2931 602 3008 jam
625 2929 762 2988 olim
791 2927 1064 2989 refutavit
1089 2928 1375 3004 Plotinus‚
1401 2931 1461 2988 in
1482 2930 1691 3011 scripto
1722 2954 1737 2988 ι
1774 2957 1801 2982 «ι
1833 2929 2001 3004 Quod
2024 2953 2139 2989 non
2164 2953 2303 3011 pos·-

139 3039 223 3096 sit
269 3058 538 3118 corporea
583 3058 706 3096 esse
763 3037 971 3095 Anima
1003 3062 1030 3088 ι»
1074 3059 1091 3094 =
1124 3037 1286 3116 cujus
1329 3048 1598 3118 excerpta
1630 3037 1889 3118 pluscula
1939 3038 1998 3095 in
2051 3034 2303 3098 Eusebio

137 3145 342 3205 habes.
375 3146 452 3204 At
481 3145 654 3205 dices.
689 3143 748 3204 Si
779 3165 985 3225 corpus
1024 3142 1224 3203 Stoicis
1253 3187 1270 3214 ‚
1317 3165 1434 3224 qua
1479 3144 1659 3226 figura
1703 3145 1881 3226 igitur
1924 3155 2023 3202 aut
2054 3144 2303 3202 circum-

143 3251 505 3333 scriptione?
541 3249 650 3312 Per
677 3273 740 3312 se
783 3249 1018 3332 quidem
1068 3249 1342 3330 sphaerica
1373 3294 1389 3322 ,
1420 3251 1647 3330 opinor,
1681 3272 1804 3330 quoe
1832 3249 2039 3309 Mundi
2074 3263 2161 3310 est
2182 3294 2199 3322 ,
2245 3263 2302 3310 et

146 3371 430 3419 astrorum
455 3381 472 3417 ε
498 3371 670 3440 atque
701 3360 824 3441 ipsa
849 3356 1099 3417 delibata
1123 3377 1194 3416 ex
1215 3357 1402 3416 astris,
1438 3355 1508 3415 l'n
1541 3378 1776 3437 corpore
1802 3368 1991 3415 autem
2016 3401 2032 3429 ,
2062 3357 2297 3439 figuram

147 3466 366 3525 scilicet
395 3465 516 3543 ejus
545 3465 824 3544 sequitur,
856 3465 1018 3544 cujus
1045 3463 1302 3522 membra
1344 3463 1537 3521 omnia
1567 3463 1786 3542 implet.
1820 3461 1961 3522 ldeo
1992 3463 2300 3522 Tertullia-

149 3592 261 3631 nus
281 3571 548 3630 universe
575 3569 905 3630 Humanam
935 3572 989 3630 ei
1020 3571 1261 3630 formam
1287 3570 1537 3650 assignat
1564 3592 1581 3626 ε
1613 3595 1641 3622 «ι
1664 3567 1924 3650 Effigiem
1944 3613 1959 3642 ,
1991 3570 2255 3650 inquiens
2274 3613 2292 3642 ,

151 3679 286 3762 (De
335 3677 578 3750 Anima,
639 3699 767 3757 cap.
820 3675 947 3761 9),
982 3678 1199 3736 Animae
1243 3699 1360 3736 non
1406 3677 1575 3735 aliam
1618 3688 1823 3756 praeter
1850 3675 2198 3746 humanam3
2244 3689 2304 3736 et

154 3785 388 3866 quidem
418 3786 540 3864 ejus
570 3783 822 3864 corporis
839 3825 856 3854 ‚
889 3783 1046 3863 quod
1094 3805 1450 3864 unaquaeque
1481 3783 1845 3842 circumtulit.
1880 3809 1909 3835 »
1954 3781 2099 3840 Nota
2122 3825 2139 3854 ‚
2173 3783 2298 3840 cir-

155 3891 418 3952 cumtulit
445 3915 462 3950 =
496 3912 631 3973 ergo
663 3901 722 3948 et
747 3901 876 3970 post
902 3901 1142 3947 mortem
1181 3891 1332 3948 talis.
1352 3931 1361 3940 ·
1385 3891 1627 3950 Causam
1658 3891 1829 3949 etiam
1866 3887 2025 3948 addit
2053 3910 2070 3945 z
2108 3914 2135 3941 κ
2172 3889 2297 3949 Re-

157 3999 344 4081 cogita
381 3998 534 4057 enim
564 4017 743 4078 quum
771 3983 926 4055 Deus
973 3995 1252 4054 sufflasset
1281 3997 1343 4054 in
1382 3995 1583 4056 faciem
1614 3995 1859 4062 hominis
1898 3991 2093 4054 flatum
2124 3995 2251 4054 vit-‘n
2280 4017 2295 4065 ;

159 4118 342 4166 totum
374 4106 572 4186 utique
597 4125 702 4187 per
729 4103 934 4167 faciem
957 4103 1146 4164 statim
1182 4101 1379 4164 flatum
1410 4104 1571 4164 illum
1606 4105 1668 4163 in
1705 4103 1972 4163 interiora
1994 4103 2297 4164 transmis-
