2667 4475
653 578 749 660 L.
814 576 1233 663 ANNAEI
1293 578 1801 666 SENECAE·

424 860 2022 1013 EPIGRAMMATA.

1044 1190 1416 1217 *a

234 1460 399 1531 Huc
430 1462 890 1549 Epigrammata
918 1510 937 1539 .
973 1486 1102 1548 quae
1130 1465 1253 1530 alio
1295 1466 1360 1527 in
1393 1465 1531 1529 loco
1571 1465 1651 1528 ab
1695 1464 1830 1529 aliis
1869 1480 2172 1550 ponuntur
2193 1513 2214 1545 ,
2265 1489 2302 1531 a

150 1574 459 1657 plerisque
490 1586 695 1633 tamen
720 1618 738 1649 ‚
770 1592 885 1634 nec
914 1572 1073 1634 male
1095 1617 1112 1650 ,
1146 1586 1284 1655 post
1307 1569 1811 1635 Consolationem
1839 1576 1916 1636 ad
1942 1572 2264 1659 Polybium
2281 1620 2298 1651 ,

156 1680 233 1742 ab
261 1680 437 1743 exule
465 1700 700 1761 quoque
719 1677 1005 1762 scriptam
1029 1724 1047 1755 ‚
1074 1676 1348 1742 locantur
1365 1725 1382 1757 ‚
1405 1678 1572 1742 inter
1593 1677 1960 1763 Fragmenta
1987 1694 2047 1743 et
2065 1679 2305 1745 Incerta

156 1788 421 1849 inserere
452 1786 637 1848 satius
663 1783 847 1847 nobis
872 1784 1068 1847 visum
1100 1796 1207 1847 eat.
1232 1782 1335 1847 De
1353 1783 1450 1847 his
1467 1785 1554 1848 sic
1578 1785 1844 1867 loquitur
1865 1787 2166 1871 Ruhltopf‚
2203 1786 2306 1868 qui

152 1894 311 1956 eain
331 1912 451 1955 suae
474 1891 615 1954 edit.
640 1890 737 1953 lv
766 1891 890 1955 vol.
914 1904 1051 1973 post
1073 1889 1265 1954 libros
1292 1892 1368 1953 de
1391 1888 1714 1955 Beneficiis
1741 1892 1924 1956 edidit
1961 1917 1976 1953 ε

236 2026 269 2054 α
295 1996 641 2081 Sequuntur
666 1997 731 2057 in
755 1995 875 2061 hoc
905 1996 1212 2059 volumine
1238 1996 1674 2079 Epigrammata
1701 2021 1894 2061 novem
1913 2045 1934 2077 ‚
1966 2022 2098 2082 quae
2119 2022 2305 2083 quum

155 2102 397 2171 seneoee
421 2105 763 2169 tribuantur
783 2150 801 2179 ,
838 2124 1147 2189 apponere
1180 2124 1305 2167 non
1342 2103 1648 2167 dubitavi:
1675 2126 2020 2187 quanquam
2047 2106 2305 2193 Dionys.

154 2210 438 2275 Dideroti
487 2210 709 2295 judicio
732 2222 749 2250 ¹
798 2210 1295 2273 subscribendum
1335 2229 1555 2272 censeo
1592 2232 1607 2268 t
1645 2230 1842 2293 neque
1868 2225 2116 2298 poetam
2135 2234 2306 2297 prae-

158 2334 310 2382 stant
337 2320 442 2402 qui
474 2319 768 2396 delectet,
807 2340 1002 2400 neque
1048 2317 1357 2382 infelicem
1405 2319 1508 2398 qui
1543 2333 1829 2394 moveat,
1872 2339 2068 2400 neque
2098 2319 2307 2402 philo-

156 2428 415 2511 sophum
431 2425 535 2508 qui
550 2426 821 2488 instruat.
843 2425 979 2490 Nec
1000 2425 1242 2487 aliunde
1256 2425 1374 2486 nisi
1389 2445 1425 2484 a
1449 2424 1716 2486 librariis
1731 2425 1953 2488 scimus
1971 2445 2043 2486 ea
2065 2423 2308 2488 Senecae

156 2533 369 2595 foetum
398 2553 529 2595 esse
549 2573 568 2608 ,
598 2553 856 2614 quorum
884 2546 1089 2593 tamen
1122 2530 1307 2594 fidem
1342 2531 1402 2591 iu
1428 2531 1536 2592 tali
1566 2550 1635 2592 re
1661 2531 1823 2594 haud
1845 2532 1994 2594 certi
2014 2533 2311 2594 momenti

158 2642 236 2702 ad
274 2633 595 2702 &critatem
632 2638 1027 2701 evincendam
1069 2659 1201 2700 esse
1244 2651 1494 2700 constat.
1536 2635 1838 2702 Caeterum
1889 2638 2116 2700 contuli
2155 2639 2312 2700 Bur·-

158 2748 364 2806 mamu‘
405 2744 837 2828 Anthologiam
887 2743 1029 2806 Vet.
1089 2741 1223 2806 Lat.
1286 2747 1390 2828 qui
1439 2745 1646 2808 codice
1690 2744 1900 2807 vossii
1957 2760 2016 2808 et
2081 2746 2313 2810 schedis

158 2849 579 2935 manuscriptis
626 2847 923 2935 Scaligeri
953 2897 971 2926 ,
1041 2871 1160 2912 una
1202 2872 1342 2914 cum
1397 2851 1758 2914 editionibus
1809 2849 2029 2912 Pithoei
2054 2899 2072 2932 ,
2121 2850 2315 2916 Scali-

158 2958 291 3041 geri
310 3003 331 3036 ‚
354 2971 469 3022 etc.
488 2960 555 3020 in
578 2979 757 3022 usum
778 2978 955 3020 suum
974 2958 1283 3020 conversis
1300 2957 1428 3021 hoec
1446 2955 1908 3042 Epigrammata
1927 2958 2136 3040 amplo
2161 2973 2223 3021 et
2237 2979 2314 3020 eo

156 3066 341 3128 docto
362 3065 802 3128 commentario
838 3064 1072 3125 ornavit
1093 3110 1110 3141 ‚
1138 3085 1256 3148 quo
1289 3077 1353 3126 et
1387 3065 1482 3125 W
1474 3064 1820 3144 ernsdorfius
1849 3063 2011 3126 beat.
2039 3082 2227 3128 mem.
2249 3066 2314 3126 in

158 3167 359 3261 Poett.
382 3167 542 3234 Latt.
564 3167 719 3232 Min.
744 3168 890 3233 Vol.
912 3169 997 3248 V,
1024 3169 1085 3249 3,
1103 3170 1208 3233 ubi
1237 3169 1386 3238 nr..I
1401 3217 1419 3250 ‚
1447 3169 1511 3232 ῙῙ
1528 3217 1546 3246 ‚
1569 3169 1666 3234 IX
1688 3171 1912 3250 edidit,
1934 3193 2076 3234 usus
2095 3187 2186 3236 est
2202 3186 2248 3233 ².
2279 3200 2308 3230 n

247 3278 578 3363 Vulgatum
608 3279 849 3340 titulum
870 3323 891 3354 ‚
924 3280 1360 3359 Epigrammata
1386 3291 1555 3361 s'uper·
1581 3282 1752 3340 exilio
1771 3321 1791 3352 ,
1818 3280 2068 3362 paulum
2107 3294 2316 3344 muta-

160 3385 359 3447 vimus
384 3431 402 3462 ,
434 3406 619 3466 quum
653 3385 899 3448 cuilibet
927 3384 1151 3470 legenti
1179 3385 1430 3448 obvium
1461 3386 1537 3447 sit
1560 3405 1870 3468 perpauca
1912 3408 1984 3448 ex
2011 3386 2132 3449 illis
2154 3367 2313 3450 circa

161 3490 414 3554 vexilium
440 3493 689 3556 versari.
714 3489 1043 3576 Ruhkopfii
1063 3505 1238 3555 notas
1260 3493 1339 3554 ad
1359 3489 1818 3576 Epigrammata
1848 3494 2237 3558 servavimus.

236 3713 254 3743 ¹
284 3709 519 3765 Dideroti
542 3710 791 3784 judicium
814 3711 970 3786 ipsius
991 3711 1155 3764 verbis
1178 3711 1297 3765 vide
1320 3710 1386 3764 ad
1405 3711 1836 3785 Epigrammatum
1866 3712 2071 3766 calcem.

231 3803 256 3834 ²
278 3801 338 3854 ln
361 3801 456 3857 bac
482 3801 795 3858 Collectioue
816 3843 831 3870 ‚
856 3805 996 3857 Poet.
1018 3804 1129 3856 Lat.
1149 3801 1278 3854 min.
1304 3803 1424 3858 Vol.
1451 3803 1526 3858 {V
1545 3843 1560 3870 ,
1589 3825 1636 3876 p.
1660 3801 1756 3868 543
1784 3823 1886 3876 seq.
