2667 4475
415 272 548 339 650
1156 272 1452 341 JUST1
1501 272 1815 343 LlPSII

415 412 628 476 animal
651 436 668 485 ;
695 424 755 473 et
780 402 928 473 sieut
955 412 1172 474 fraenis
1203 416 1469 476 arborum
1500 428 1692 498 partes
1724 418 1975 479 dicimus
2004 464 2023 495 ,
2058 404 2401 503 videmusque
2416 444 2486 481 ma-

411 532 569 579 turos
596 520 862 581 decidere
885 543 901 580 ε
923 524 1008 580 ‘sie
1037 533 1095 582 et
1121 520 1341 582 foetum.
1368 548 1397 575 ιο
1425 522 1633 606 Liquet
1655 526 1833 607 igitur
1852 525 1927 586 de
1952 528 2279 601 sententia‚·
2296 550 2390 585 non
2404 528 2487 585 itm

412 627 488 687 de
503 629 764 688 veritate.
789 628 934 688 Nam
951 629 1337 689 Tertullianus
1368 628 1591 691 fortiter
1616 632 1731 691 haec
1752 633 1971 694 refutat
1998 680 2019 708 ,
2052 648 2233 716 atque
2254 634 2383 695 idem
2402 634 2489 691 Ho-

410 734 659 794 tarehus.
697 734 850 810 Quid
879 736 1114 796 tamen?
1139 736 1216 797 dc
1243 736 1495 797 adventu
1524 740 1649 820 ipso
1678 752 1733 799 et
1756 742 2173 806 insinuatione
2190 740 2335 800 haud
2360 738 2487 799 falso:

411 854 470 900 et
499 841 722 923 gaudeo
771 842 1142 924 gratulorque
1173 842 1268 902 hic
1309 865 1542 926 quoquc
1578 844 1921 906 Christianis
1955 848 2245 908 accedere
2276 870 2293 903 ε
2320 846 2379 905 de
2399 856 2492 903 tem-

408 968 550 1029 pore
570 992 589 1021 ,
641 950 759 1007 seio
791 952 1157 1011 controverti.
1205 950 1336 1011 Jam
1376 950 1517 1011 olim
1551 952 1821 1033 quidem3
1866 976 2013 1013 nam
2058 954 2405 1034 Hippocratis
2424 949 2487 1029 (in

407 1054 714 1114 Stobaeanis
772 1056 980 1138 eclogis
1011 1055 1040 1139 )
1083 1058 1273 1117 statim
1325 1078 1360 1117 a
1408 1057 1652 1118 formato
1702 1060 1919 1130 semine
1962 1104 1983 1133 ‚
2048 1060 2313 1118 Animam
2346 1056 2489 1115 admit-

407 1162 478 1221 tit
507 1184 524 1221 ι
560 1160 908 1244 Porphyrius
936 1161 1126 1245 (quod
1155 1164 1369 1223 mirere
1400 1166 1461 1223 in
1491 1163 1819 1247 Platonico)
1848 1186 2094 1246 prorsus
2125 1177 2193 1225 ut
2220 1164 2399 1231 nostri,
2418 1162 2485 1216 *in

407 1252 606 1349 prima·
623 1270 810 1328 statim
833 1268 1083 1329 editione
1113 1272 1234 1329 nati
1258 1269 1511 1330 infantis.
1546 1271 1674 1331 Alia
1704 1273 1875 1330 etiam
1904 1286 1995 1331 est
2020 1272 2256 1353 opinio,
2282 1266 2487 1349 quaeplu·

409 1398 500 1437 res
533 1379 730 1437 statuit
757 1376 1055 1437 facultates
1089 1388 1187 1437 aut
1215 1378 1459 1437 Naturas
1490 1380 1691 1438 animae
1707 1424 1724 1453 ,
1754 1391 2089 1460 opportuno
2118 1377 2251 1437 dein
2279 1388 2485 1453 tempm2

413 1486 580 1545 aliam
631 1486 769 1545 alias
795 1486 1092 1554 ⁴advenire
1119 1530 1136 1558 ,
1173 1496 1347 1566 prout
1366 1506 1597 1567 *corpus
1642 1486 1913 1545 idoneum
1955 1498 2281 1565 aptumque
2322 1478 2483 1538 sarum.

413 1592 667 1652 Primum
711 1593 886 1674 igitur
925 1592 1228 1652 Naturam¹
1263 1592 1526 1673 accipere
1548 1636 1565 1666 ‚
1610 1592 1821 1652 deinde
1862 1591 2226 1652 sentientem
2252 1588 2355 1647 vim
2374 1630 2387 1655 ‚
2408 1596 2483 1641 tm

411 1698 744 1780 Appetitum
775 1743 790 1773 ‚
827 1710 950 1757 tum
995 1698 1352 1758 Rationalem
1396 1700 1644 1757 animam
1662 1742 1681 1771 ‚
1726 1697 1977 1778 denique
2022 1692 2441 1756 Intenecmala.
2466 1712 2481 1733 ·

412 1804 484 1863 In
515 1818 800 1886 postrema
827 1806 1108 1863 sententia
1136 1816 1271 1864 sunt
1293 1806 1395 1886 qui
1418 1804 1778 1864 Aristotelem
1802 1806 1984 1864 velint
2006 1822 2305 1863 accensere
2321 1844 2337 1873 ,
2356 1794 2483 1856 nesdo

412 1934 486 1971 an
535 1912 845 1971 volentem.
897 1912 1010 1971 Sed
1061 1912 1212 1971 inter
1259 1914 1413 1993 ipsos
1442 1912 1761 1993 Theologos
1802 1912 1939 1971 olim
1986 1910 2313 1977 dissidium,
2352 1906 2479 1962 inum

411 2020 620 2078 Anima
642 2063 659 2091 ,
695 2040 769 2079 an
813 2018 1088 2101 ingressa.
1141 2018 1409 2079 Innatam
1434 2020 1821 2078 Tertullianus
1841 2063 1858 2091 ,
1885 2028 1952 2077 ut
1984 2018 2115 2077 dixi
2134 2062 2151 2091 ‚
2180 2013 2393 2074 ubertim
2412 2028 2480 2085 ap·

412 2122 756 2209 probat(De
774 2126 982 2185 Anima
1005 2138 1062 2186 et
1081 2125 1355 2209 Resurr.)
1372 2171 1389 2199 ,
1422 2152 1451 2180 «ι
1478 2136 1536 2185 et
1564 2126 1771 2207 inipso
1789 2170 1806 2198 ,
1840 2138 1897 2185 et
1924 2148 1995 2186 ex
2022 2128 2151 2209 ipso
2171 2123 2277 2184 seri
2292 2117 2473 2180 homine,

413 2247 472 2295 et
498 2237 694 2294 vivum
725 2255 849 2293 esse
878 2255 912 2292 a
944 2232 1257 2314 primordio
1283 2232 1514 2293 Semen.
1544 2259 1571 2286 >v
1599 2232 1771 2292 Multi
1800 2255 1934 2292 cum
1968 2232 2069 2292 illo
2102 2228 2283 2290 Latini
2309 2249 2323 2284 ε
2350 2230 2477 2282 emir

413 2343 586 2401 etiam
621 2343 771 2401 inter
801 2339 1030 2400 Graecos
1061 2339 1372 2423 Gregorius
1401 2341 1599 2420 Nyssa:
1630 2340 1887 2399 antistes.
1930 2366 1957 2392 «ι
1986 2338 2347 2400 'Posteriorem
2368 2347 2473 2388 w

411 2452 600 2532 inquit
621 2493 638 2523 ‚
687 2450 965 2532 originem
997 2449 1316 2507 animarum
1342 2492 1358 2521 ,
1401 2448 1669 2528 ipsasque
1708 2449 2056 2507 recentiores
2102 2465 2223 2506 esse
2260 2453 2475 2518 corporum

412 2559 812 2618 constitutione
837 2600 853 2628 ,
896 2578 1066 2616 nemo
1108 2577 1246 2614 sana
1287 2568 1481 2614 mente
1509 2554 1778 2636 praeditus
1822 2556 1883 2613 in
1932 2555 2189 2614 animum
2228 2543 2472 2609 induxerim

412 2685 590 2746 quum
622 2663 986 2723 manifestum
1035 2665 1139 2737 sit,
1193 2663 1349 2744 quod
1394 2661 1539 2722 nihil
1590 2687 1662 2723 ex
1700 2665 1969 2722 inanimis
2009 2663 2129 2722 vim
2172 2663 2227 2718 in
2258 2679 2311 2716 se
2335 2650 2471 2709 haim!

411 2771 713 2844 movendi,
745 2771 998 2851 itemque
1039 2769 1357 2831 crescendi.
1390 2769 1466 2830 At
1500 2792 1695 2830 eorum
1727 2771 1828 2851 qui
1860 2773 1918 2829 in
1948 2783 2111 2830 utero
2132 2769 2332 2827 aluntur
2346 2771 2469 2832 nequ‘

414 2887 782 2960 augmentum
821 2889 878 2936 et
906 2878 1322 2936 incrementum
1345 2921 1361 2949 ,
1409 2897 1599 2957 neque
1629 2876 1703 2936 de
1730 2876 1861 2935 loco
1886 2875 1963 2935 ad
1990 2877 2179 2935 locum
2200 2881 2353 2931 motus
2379 2879 2469 2918 τοῦ·

411 2995 698 3043 troversus
729 2995 834 3043 est.
860 2981 1230 3063 Relinquitur
1251 3003 1386 3064 ergo
1408 2993 1473 3040 ut
1492 3003 1827 3041 censeamus
1854 3026 1871 3056 ,
1897 3003 2077 3041 unum
2100 2993 2156 3040 et
2178 2977 2309 3038 idem
2323 2967 2467 3029 Aniffi'

416 3103 473 3150 et
501 3091 767 3170 Corporis
794 3089 1215 3149 constitutionis
1245 3088 1599 3169 principium
1627 3109 1771 3147 esse.
1807 3089 1891 3146 Ae
1909 3071 2352 3168 quemadmoduu't
2369 3087 2461 3129 ‘eff'

416 3197 464 3254 si
497 3197 786 3256 surculum
815 3219 849 3255 a
875 3195 1068 3254 radice
1097 3196 1356 3254 avulsum
1386 3196 1709 3275 acceperit,
1744 3195 2007 3255 arborem
2048 3193 2181 3252 inde
2210 3185 2370 3250 efficit,
2392 3195 2462 3234 ¹²⁰⁰

418 3304 540 3384 ipsa
568 3305 684 3362 vim
714 3303 961 3386 augendi
991 3303 1254 3382 injiciens
1277 3346 1294 3376 ‚
1327 3301 1433 3362 sed
1458 3303 1797 3362 inerementi
1825 3302 2121 3361 dumtaxat
2146 3291 2382 3357 materiam
2399 3293 2458 3339 at·

417 3432 532 3492 que
574 3409 890 3494 subsidium
932 3411 1266 3490 impartiens
1309 3433 1324 3467 ε
1358 3409 1437 3468 ita
1466 3407 1710 3468 dicimus
1744 3405 1913 3469 etiam
1942 3409 2005 3468 id
2034 3405 2183 3489 quod
2213 3423 2276 3461 ex
2309 3389 2461 3454 homine

417 3507 678 3578 avellitur
707 3512 988 3598 (Semen)
1020 3515 1092 3576 ad
1125 3513 1373 3575 hominis
1406 3518 1681 3576 sationem
1700 3561 1717 3588 ‚
1744 3517 1931 3597 ipsum
1955 3537 2177 3596 quoque
2198 3493 2456 3588 aliqu⁰m⁰d⁰

418 3626 628 3686 animal
649 3645 804 3699 esse,
831 3645 904 3684 ex
936 3627 1186 3684 animato
1218 3625 1554 3684 animatum.
1581 3651 1607 3678 ν)
1636 3621 1806 3684 Plura
1840 3625 2034 3697 addit,
2061 3637 2115 3683 et
2134 3637 2302 3681 omnes
2316 3607 2457 3671 Anima?

421 3734 715 3794 facultates
745 3733 804 3791 in
835 3733 1066 3792 Semine
1101 3753 1225 3792 esse
1249 3777 1265 3806 ,
1315 3733 1564 3792 occultas
1606 3745 1797 3792 tamen
1822 3778 1838 3806 ‚
1890 3745 1948 3792 et
1992 3734 2053 3792 in
2095 3743 2313 3809 tempore
2347 3725 2453 3824 ²¹¹1&

421 3841 620 3900 ordine
651 3837 995 3900 educendas,
1033 3837 1326 3899 Sententia
1358 3851 1480 3898 erat
1514 3861 1685 3921 quam
1714 3842 1862 3899 tueri
1894 3861 2089 3922 posses
2107 3883 2122 3912 ‚
2160 3835 2249 3896 nisi
2282 3819 2451 3886 Bet-'lest'

494 4059 508 4086 ¹
537 4057 593 4106 ld
616 4065 689 4108 est
711 4061 1092 4128 vegetationem
1117 4095 1130 4120 ,
1158 4067 1208 4108 et
1231 4059 1403 4108 uitam.
