2667 4475
507 246 994 323 Pars-101..
1047 251 1552 327 sTolcon.
1604 254 1785 321 mn.
1835 252 1929 318 11.
2160 230 2337 325 563'

117 410 192 459 et
223 409 544 458 enumerat
569 392 812 456 subinde
839 393 1032 467 Im,
1061 392 1469 464 Αωόἰίίοηειη,
1509 394 1821 455 Τηὶςίίίίαπι
1840 437 1855 465 .
1886 392 2129 465 Melum,
2169 394 2298 455 Au·-

117 502 414 563 daciam.
463 499 659 577 Quid?
701 512 818 561 tam
859 499 1084 561 diversa
1123 500 1186 559 in
1225 520 1343 561 una
1389 501 1486 561 illa
1518 499 1625 583 (ut
1654 498 1985 561 Plutarchus
2030 500 2299 583 scripsit)

125 636 162 661 α
195 606 516 689 punctuali
545 605 734 667 cordis
760 604 940 667 sede?
961 631 989 659 n
1015 605 1146 665 Non
1171 618 1430 688 pugnent
1454 604 1667 688 igitur?
1698 626 1833 665 nam
1857 618 1915 665 et
1932 607 2103 665 vitam
2119 648 2136 680 ,
2166 625 2299 665 ecce

119 712 407 785 habent,
445 724 616 792 atque
646 712 791 773 adeo
821 707 1118 771 Animalia
1153 732 1279 771 esse
1321 708 1625 774 affirmant.
1673 712 1825 771 Aun.
1857 708 2027 769 Halia
2046 752 2064 783 ,
2097 709 2295 769 rideo:

122 816 654 879 Animalia2Lxrs.
675 816 828 879 Audi
847 817 1120 879 Senecam
1145 814 1284 899 (Ep.
1309 816 1481 899 cxm)
1508 841 1525 876 ε
1558 844 1585 871 ιι
1602 816 1911 877 Desideras
1938 815 2042 877 tibi
2070 817 2241 877 scribi
2267 838 2300 875 a

123 948 236 987 me
255 970 276 999 ‚
317 926 466 1008 quid
498 926 740 985 sentiam
773 924 848 985 de
876 922 984 985 hac
1017 926 1325 1004 quaestione
1351 925 1557 1003 jactata
1585 924 1741 1005 apud
1770 935 2025 999 nostros,
2062 946 2136 984 an
2163 922 2301 983 Jus-

123 1035 268 1092 titia
283 1074 302 1105 ,
333 1031 638 1093 Fortitudo
652 1070 671 1107 ,
703 1030 1012 1093 Prudentia
1033 1071 1052 1105 ,
1076 1042 1401 1112 caeteraeque
1422 1022 1654 1091 virtutes
1678 1030 1961 1091 Animalia
1984 1030 2137 1089 sint?
2163 1056 2189 1083 ι»
2224 1029 2304 1090 Et

127 1138 348 1199 multis
378 1136 590 1199 deinde
629 1137 870 1197 adstmit
891 1136 1176 1197 Animalia
1211 1156 1355 1197 esse.
1394 1137 1546 1197 Aun.
1587 1135 1730 1195 Sunt
1752 1180 1768 1211 ,
1818 1150 1953 1197 sunt
1982 1160 1999 1197 ι
2032 1138 2161 1219 quis
2188 1138 2301 1197 ab-

129 1258 290 1305 nuat
305 1244 334 1304 P
357 1245 614 1306 Videsne
634 1245 878 1325 pictores
896 1287 914 1318 ,
939 1255 997 1303 et
1021 1243 1084 1303 id
1109 1264 1292 1327 genus
1308 1286 1326 1319 ,
1360 1244 1561 1305 Stoicis
1589 1242 1855 1303 addicere
1872 1286 1889 1316 ,
1917 1244 2015 1325 qui
2036 1242 2300 1303 foeminas

131 1354 324 1412 etiam
353 1350 692 1412 efformant?
721 1348 878 1410 L1rs.
921 1349 1106 1411 Immo
1131 1362 1196 1410 tu
1227 1351 1441 1411 serium
1468 1349 1697 1409 illorum
1718 1361 2115 1431 argumentum
2138 1349 2297 1410 audi.

139 1484 177 1513 οι
203 1458 489 1519 Animum
518 1466 738 1516 constat
767 1456 977 1515 animal
1011 1476 1132 1515 esse
1154 1454 1260 1537 (ait
1285 1456 1530 1528 Seneca,
1562 1453 1733 1538 ibid.)
1764 1478 1781 1513 ε
1810 1477 1988 1537 quum
2016 1456 2141 1537 ipse
2168 1454 2303 1515 effi-

135 1566 264 1625 ciat
289 1576 358 1624 ut
383 1565 561 1624 simus
590 1562 879 1623 animalia.
903 1563 1103 1624 Virtus
1126 1574 1315 1623 autem
1343 1563 1487 1623 nihil
1516 1576 1637 1637 est,
1667 1584 1840 1644 quam
1870 1564 2093 1623 animus
2115 1563 2304 1623 taliter

135 1693 212 1732 se
230 1672 454 1733 hahens
484 1694 503 1731 ε
529 1689 667 1755 ergo
693 1662 907 1730 animal
935 1683 1041 1731 est.
1073 1696 1100 1723 »v
1133 1664 1182 1728 Ο
1208 1662 1525 1730 Achillem!
1552 1668 1740 1730 cedite
1759 1714 1776 1744 ,
1808 1668 1987 1752 fugite
2006 1712 2023 1743 ,
2042 1670 2297 1751 Trojani.

135 1778 272 1841 Nec
315 1781 472 1839 satis.
518 1773 680 1840 Vitia
719 1778 892 1837 etiam
921 1776 1240 1851 Animalia,
1278 1776 1434 1859 quod
1463 1778 1763 1859 sequitur:
1799 1779 1970 1838 etiam
2002 1776 2171 1837 Artes
2191 1820 2207 1851 ,
2246 1788 2303 1838 et

141 1882 396 1966 Physica
417 1927 434 1959 ,
479 1896 541 1945 et
571 1883 890 1943 Dialectica
913 1907 930 1943 z
954 1884 1139 1965 quid?
1169 1878 1342 1943 etiam
1388 1897 1579 1967 partes
1618 1906 1813 1944 earum
1848 1882 2203 1955 Enunciata,
2248 1894 2306 1943 et

137 1982 505 2052 Soloecssmus
523 2037 539 2061 ,
575 2002 635 2051 et
658 1988 1047 2071 Syllogismus.
1074 1982 1253 2050 Vides
1281 2017 1308 2045 «
1326 2012 1499 2072 quam
1526 1990 1705 2051 multa
1731 1988 1983 2072 (Senecae
2009 1988 2301 2049 irridentis

142 2094 352 2178 verba)
382 2096 712 2157 animalium
739 2096 918 2157 millia
945 2095 1204 2157 habitent
1221 2098 1310 2157 his
1331 2099 1607 2179 angustiis
1629 2096 1915 2179 pectoris?
1937 2122 1965 2149 x·
1993 2094 2069 2154 Et
2089 2096 2163 2156 de
2182 2117 2298 2155 an-

140 2204 350 2284 gustiis
363 2251 378 2276 ‚
407 2224 442 2264 e
463 2200 766 2264 Plutarcho
785 2222 957 2286 supra
981 2203 1375 2284 interpretare.
1406 2202 1621 2282 Abjicit
1638 2216 1697 2264 et
1712 2202 1849 2262 alibi
1870 2200 2021 2262 idem
2042 2200 2255 2262 Seneca
2274 2245 2293 2275 ‚

147 2323 210 2372 et
238 2311 298 2370 in
324 2329 474 2369 vano
509 2321 610 2367 aut
635 2309 748 2368 levi
795 2305 984 2367 habet.
1025 2334 1052 2361 α
1080 2307 1256 2380 Sunt,
1289 2309 1475 2388 inquit
1504 2305 1731 2388 (Epist.
1767 2303 1912 2387 ενι)
1932 2348 1951 2379 ,
1985 2326 2110 2387 quae
2142 2307 2292 2366 scire

147 2415 334 2494 magis
359 2413 553 2491 juvat,
587 2433 761 2493 quam
807 2411 1075 2491 prodest,
1123 2413 1272 2470 sicut
1305 2407 1451 2484 hoc,
1488 2410 1562 2470 de
1594 2432 1711 2492 quo
1756 2411 1980 2492 quaeris.
2030 2409 2122 2469 An
2156 2433 2291 2470 cor-

147 2540 264 2602 pus
298 2517 509 2578 bonum
537 2515 648 2577 sit?
675 2540 704 2568 ιι
743 2514 1075 2596 Respondet
1101 2515 1310 2576 deinde
1345 2537 1363 2575 z
1403 2541 1432 2570 α
1458 2515 1675 2597 Corpus
1708 2537 1832 2576 esse
1852 2559 1869 2590 ,
1894 2513 2031 2576 facit
2080 2516 2233 2576 enim
2267 2540 2285 2575 ε

151 2625 310 2708 quod
354 2623 490 2684 facit
506 2666 523 2696 ,
573 2641 778 2704 corpus
821 2631 927 2682 est.
961 2645 990 2674 ιι
1023 2619 1138 2680 Ubi
1178 2633 1235 2680 et
1266 2623 1491 2681 axioma
1522 2621 1667 2694 illud
1702 2621 1953 2684 Stoicum
1978 2622 2244 2684 observes
2268 2667 2285 2696 ,

153 2729 443 2812 Quidquid
467 2728 606 2790 facit
623 2770 639 2803 ,
673 2741 761 2788 est
786 2734 1010 2809 corpus.
1045 2727 1170 2802 Qua
1197 2727 1400 2788 eadem
1426 2727 1525 2788 illa
1550 2730 1768 2790 ratione
1790 2730 1919 2790 Vox
1943 2751 2148 2812 corpus
2176 2729 2288 2789 ad-

155 2839 404 2910 struitur,
435 2837 498 2896 in
525 2834 750 2895 Laertio
791 2857 807 2893 =
847 2861 878 2888 α
903 2833 1122 2915 Corpus
1163 2845 1250 2893 est
1277 2833 1409 2898 Vox
1428 2873 1449 2909 ‚
1481 2834 1798 2895 ‚secundum
1832 2834 2065 2894 Stoicos,
2099 2833 2283 2896 Omne

155 2943 308 3004 enim
343 2940 495 3024 quod
522 2940 686 3012 facit,
720 2939 938 3020 Corpus
970 2952 1058 2999 est
1081 2962 1098 2998 ε
1123 2937 1262 2998 facit
1287 2952 1477 2999 autem
1504 2939 1633 3000 Vox
1655 2983 1672 3013 ,
1700 2961 1825 3021 quae
1852 2961 1885 2998 a
1918 2939 2281 3026 loquentibus

153 3051 236 3112 ad
260 3049 542 3109 audientes
571 3045 797 3107 accidit.
829 3071 858 3100 n
888 3045 1056 3120 Quod
1093 3058 1286 3106 tamen
1323 3047 1549 3127 plenius
1584 3047 1891 3119 diceretur,
1931 3071 1959 3100 «ι
1985 3045 2281 3128 Quidquid

155 3157 294 3219 facit
319 3168 416 3215 aut
441 3154 506 3214 fit
525 3197 542 3228 ,
575 3165 660 3214 est
685 3171 927 3234 corpus:
962 3178 988 3205 n
1026 3152 1088 3212 id
1115 3165 1232 3224 est,
1268 3154 1386 3233 agit
1412 3166 1511 3213 aut
1536 3154 1767 3235 patitur.
1800 3151 1933 3234 Ipse
1965 3151 2167 3211 Noster
2199 3154 2279 3212 ita

159 3263 320 3323 effert
339 3261 472 3320 alibi
507 3257 731 3342 (Epist.
767 3256 1000 3340 cxvn),
1033 3271 1090 3318 et
1116 3257 1447 3319 Plutarchus
1479 3259 1626 3319 inter
1657 3259 1843 3319 Stoica
1878 3281 1897 3317 ε
1942 3285 1969 3312 «ι
1996 3257 2127 3318 Sola
2153 3279 2277 3340 quae

159 3379 290 3429 sunt
311 3387 540 3448 corpora
566 3357 856 3449 app‘ellant
877 3387 898 3424 ε
923 3365 1190 3446 quoniam
1211 3365 1272 3425 id
1294 3365 1450 3447 quod
1472 3378 1583 3439 est,
1609 3363 1747 3426 facit
1768 3364 1983 3446 aliquid
2000 3409 2017 3440 ,
2033 3377 2144 3425 -aut
2163 3387 2275 3446 pa-

158 3475 310 3535 titur.
331 3498 359 3527 1·
389 3471 502 3533 Sed
531 3472 604 3533 de
629 3472 790 3533 Voce
819 3470 974 3552 quod
1001 3483 1154 3547 erat,
1187 3473 1357 3532 etiam
1396 3469 1665 3553 Epicurei
1703 3471 1785 3532 sic
1816 3471 2139 3534 asserebant
2158 3515 2177 3546 ,
2211 3484 2277 3533 ut

165 3577 442 3641 Lucretius
465 3603 482 3639 ε

471 3691 765 3758 Corporeum
787 3705 984 3756 quoque
1003 3691 1135 3741 enim
1153 3706 1324 3742 vocem
1345 3696 1563 3740 constare
1588 3689 1840 3742 fatendum
1860 3698 1931 3742 est
1948 3729 1965 3754 ,

469 3781 534 3831 Et
559 3780 774 3832 sonitum
801 3797 815 3828 ι
847 3780 1078 3848 quoniam
1099 3787 1302 3850 possunt
1321 3780 1567 3850 inspcllere
1590 3799 1768 3832 sensus.

171 3900 325 3961 Plura
346 3943 362 3972 ,
403 3899 451 3958 si
483 3900 609 3980 quis
647 3900 798 3958 volet
818 3941 836 3972 ,
869 3919 1040 3979 super
1068 3898 1176 3958 hoc
1208 3899 1359 3982 legat
1395 3899 1455 3958 in
1492 3898 1791 3960 Eustathio
1828 3899 2064 3960 Homeri
2091 3900 2277 3992 inter-

175 4019 320 4089 prete
335 4051 354 4082 ,
389 4006 460 4068 ad
494 4005 706 4068 iliados
737 4005 1070 4068 secundum.
1106 4005 1222 4067 Nos
1253 4005 1330 4065 ad
1356 4005 1631 4068 Senecam
1652 4050 1671 4082 ‚
1710 4008 1809 4087 qui
1846 4007 2031 4066 aiebat
2062 4005 2277 4070 Bonum
