2667 4475
289 1593 357 1647 ²9

422 290 543 373 ¹¹4

987 290 1066 355 L.
1120 284 1485 355 ANNAEI
1532 276 1980 357 SENECAE

405 428 484 479 ut
513 410 916 479 manducata
945 426 1311 503 ponantur.
1335 409 1689 502 Quantulo
1714 426 1941 479 autem
1969 410 2103 479 hoc
2130 398 2358 485 minus
2376 420 2393 449 ¹
2430 428 2561 501 est,

408 544 614 599 testas
667 550 1034 621 excerpere
1075 544 1282 621 atque
1321 550 1474 596 ossa
1496 578 1514 609 ,
1554 542 1625 595 et
1660 526 1967 597 dentium
2012 552 2223 621 opera
2262 521 2565 623 coquum

293 656 358 707 28
409 646 657 738 fungi?
687 646 914 714 Grave
946 660 1050 712 est
1079 644 1412 712 luxuriari
1444 666 1571 737 per
1596 645 1867 737 singula
1906 672 1921 712 ι
1954 647 2179 714 omnia
2206 649 2459 730 semel,
2496 667 2565 719 et

408 763 483 829 in
505 760 818 829 eumdem
847 782 1158 855 saporem
1177 782 1398 841 versa,
1431 776 1799 853 ponantur.
1827 760 2065 853 Quare
2092 786 2219 857 ego
2238 764 2329 831 ad
2356 788 2561 833 unam

409 896 558 944 rem
603 900 876 944 manum
922 876 1268 969 porrigam
1291 877 1322 941 P
1358 873 1559 967 plura
1592 876 1875 942 veniant
1910 876 2151 962 simu13
2194 877 2565 946 multorum

407 988 822 1057 ferculorum
863 1004 1260 1057 ornamenta
1298 1002 1541 1056 coeant
1575 1004 1645 1055 et
1676 988 2087 1057 eohoereant.
2128 991 2365 1059 Sciant
2396 1016 2566 1086 pro·-

405 1107 592 1174 tinus
619 1106 694 1173 hi
713 1154 731 1188 ,
773 1106 894 1196 qui
912 1104 1351 1196 jactationem
1382 1128 1465 1171 ex
1492 1104 1640 1172 istis
1664 1108 1807 1197 peti
1834 1122 1905 1175 et
1932 1107 2217 1201 gloriam
2240 1110 2561 1197 aiebant,

407 1236 548 1289 non
583 1219 854 1289 ostendi
907 1222 1036 1290 ista
1058 1271 1076 1301 ‚
1133 1219 1255 1289 sed
1308 1221 1739 1289 conscientiae
1774 1221 1923 1290 dari
1956 1228 2011 1289 ².
2066 1224 2337 1291 Pariter
2372 1227 2515 1293 sint
2536 1277 2561 1311 ,

403 1361 561 1429 quae
597 1336 870 1430 disponi
925 1336 1189 1419 solent,
1235 1358 1373 1402 uno
1414 1336 1575 1427 jure
1618 1338 1897 1427 perfusa

1952 1366 1965 1404 :
2012 1336 2189 1406 nihil
2234 1339 2511 1408 intersit
2542 1369 2561 1408 ε

403 1466 630 1523 ostrea
661 1446 714 1536 ³,
770 1450 1042 1537 echini,
1096 1450 1456 1544 spondyli,
1510 1452 1747 1533 mulli,
1784 1454 2167 1547 perturbati
2205 1458 2573 1523 concocti-

403 1588 541 1657 que
567 1580 936 1659 ponantur.
965 1566 1222 1633 -Non
1252 1580 1429 1632 esset
1458 1565 1809 1633 confusior
1835 1568 2255 1635 vomentium
2284 1561 2310 1610 ⁴
2336 1570 2564 1637 cibus.

403 1680 764 1773 Quomodo
787 1672 811 1716 ⁵
847 1683 972 1748 ista
1003 1680 1328 1774 perplexa
1362 1695 1547 1761 sunt,
1576 1682 1672 1749 sic
1708 1704 1788 1749 ex
1826 1683 1973 1751 istis
2008 1706 2148 1751 non
2182 1684 2575 1777 singulares

402 1797 626 1867 morbi
663 1810 1063 1878 nascuntur,
1110 1795 1232 1863 sed
1267 1796 1823 1888 inexplicabiles,
1870 1797 2169 1883 diversi,
2218 1801 2573 1871 multifor-

402 1936 548 1981 mes
587 1939 602 1980 :
639 1912 968 1981 adversus
997 1935 1168 2005 quos
1201 1926 1270 1979 et
1306 1912 1656 1981 Medicina
1690 1938 1955 1983 armare
1994 1938 2066 1982 se
2094 1916 2299 2009 coepit
2325 1917 2572 1985 multi·-

407 2030 776 2123 generibus
809 2025 1407 2097 observationibus
1430 2020 1456 2063 ⁶
1471 2080 1485 2093 .

502 2144 694 2215 Idem
729 2145 856 2217 tihi
897 2143 984 2212 de
1021 2142 1467 2240 Philosophia
1519 2142 1698 2211 dico.
1756 2146 1917 2211 Fuit
1971 2144 2343 2240 aliquando
2390 2150 2575 2217 sim-

471 2364 515 2396 1.
541 2343 814 2416 Quantulo
830 2344 1110 2398 hoc-minus
1130 2353 1210 2396 est
1230 2380 1244 2407 ,
1267 2352 1433 2394 testas

399 2441 673 2491 excerpere
687 2462 701 2490 ,
722 2421 873 2476 etc.1.
895 2444 938 2474 e.
955 2442 1061 2474 non
1076 2421 1239 2474 multo
1265 2418 1435 2471 minus

403 2513 480 2554 est
501 2520 656 2570 quam
682 2501 988 2554 manducata
1015 2500 1155 2572 poni.

467 2599 512 2634 α.
533 2579 660 2632 Νοη
679 2583 886 2633 ostendi
910 2584 1017 2632 ista
1028 2615 1043 2640 ,
1071 2580 1170 2632 sed
1183 2579 1439 2632 comden-

399 2661 490 2712 12·oe
526 2659 664 2711 dari.
691 2657 861 2710 Ruhk.
896 2657 1256 2728 interpretatur
1293 2655 1439 2724 quasi

398 2735 508 2788 haec
531 2733 638 2807 ipse
665 2735 858 2787 Seneca
875 2732 1155 2806 indignans
1180 2735 1314 2802 (non
1335 2731 1435 2801 jam

401 2830 564 2866 coenoe
599 2809 946 2883 Amphitryo)
978 2809 1170 2862 diceret
1191 2847 1207 2872 ,
1243 2822 1294 2862 et
1329 2820 1441 2880 post

399 2895 720 2944 conscientioe
763 2889 890 2942 dari
930 2888 1130 2962 supplet
1173 2906 1188 2940 ε
1238 2899 1439 2961 propter

403 2965 790 3019 multitudinem
824 2967 1149 3024 morborum}
1191 2964 1278 3033 qui
1319 2961 1440 3014 inde

404 3047 654 3099 oriuntur.
681 3042 846 3096 Nobis
871 3055 1038 3096 autem
1071 3040 1234 3094 multo
1268 3039 1433 3111 magis

403 3121 666 3198 probabile
695 3121 928 3187 videtur,
956 3119 1063 3174 haec
1100 3129 1150 3172 et
1172 3116 1434 3187 sequentia

407 3220 570 3272 usque
607 3197 674 3252 ad
699 3219 802 3251 non
822 3208 957 3252 esset
973 3235 987 3264 ,
1017 3196 1079 3249 ab
1103 3195 1283 3248 eodem
1311 3193 1432 3247 dici.

404 3277 579 3350 Itaque
597 3274 782 3352 gallico
804 3274 1064 3349 interpreti
1086 3273 1249 3348 potius
1267 3291 1438 3326 assen-

406 3356 582 3421 timur,
600 3355 687 3426 qui
703 3371 716 3407 τ
730 3355 804 3407 Je
816 3353 1105 3424 vena-sain
1120 3355 1282 3405 voit&
1301 3371 1437 3404 ceux

405 3437 501 3504 qui
520 3434 898 3486 m'accusaient
917 3433 981 3484 de
1015 3450 1078 3483 ne
1102 3449 1289 3499 sanger
1309 3429 1436 3498 qu’aek

385 3513 543 3584 saite
567 3531 639 3564 un
673 3515 805 3564 vain
835 3513 1040 3578 e'talage
1070 3511 1135 3561 de
1173 3509 1438 3578 magns-'fi-

407 3609 573 3654 cem-e,
600 3610 700 3658 que
719 3593 844 3643 c'est
867 3593 1038 3642 moins
1063 3608 1134 3640 un
1161 3605 1312 3654 repas
1339 3605 1438 3654 que

403 3675 456 3732 1'e
470 3667 706 3735 leursais
715 3670 976 3727 admirer,
995 3667 1188 3737 qu'une
1205 3667 1431 3734 enigme,

408 3748 540 3799 dont
571 3749 626 3814 J'e
649 3765 732 3798 me
765 3747 954 3805 re'serve
982 3747 1030 3796 Ie
1055 3751 1213 3795 secret
1226 3780 1241 3807 ,
1276 3762 1374 3808 que
1386 3748 1436 3806 J'e

408 3830 526 3880 leur
542 3827 710 3878 donne
728 3831 766 3878 ὰ
788 3827 1020 3888 deviner-,⁰
1047 3821 1145 3874 nisi
1167 3821 1306 3892 quod
1321 3840 1438 3874 con-

410 3905 637 3959 scientiae
679 3903 824 3956 aliter
873 3901 1231 3973 intelligamus.
1269 3899 1435 3954 Nobis

410 3982 546 4034 enim
562 3983 618 4034 τδ
630 3983 947 4035 conscientia
963 3980 1089 4034 dan·
1105 3977 1220 4032 voci
1233 3981 1439 4032 ostenda·

409 4059 599 4133 opponi
641 4057 873 4127 videtur;
915 4056 983 4112 itt
1029 4069 1084 4110 ut
1125 4075 1298 4110 sensus
1323 4057 1388 4109 sit
1418 4078 1430 4108 :

1531 2344 1703 2394 sce'ant
1721 2342 1951 2396 convivae
1972 2346 2078 2396 ista
2096 2363 2199 2396 non
2223 2357 2423 2397 tantum
2446 2368 2577 2400 oeu-

1530 2419 1594 2472 lis
1624 2421 1828 2472 ostendi
1850 2423 1942 2486 (ut
1964 2438 2095 2492 soepe
2122 2419 2181 2473 fit
2200 2423 2219 2486 )
2240 2462 2255 2490 ,
2282 2427 2377 2476 sed
2422 2425 2573 2496 ipso-

1533 2515 1644 2548 rum
1681 2496 1845 2568 gustui
1877 2497 2017 2563 dari3
2048 2511 2106 2550 ut
2143 2501 2529 2556 manducentur
2556 2541 2573 2566 ,

1533 2595 1643 2627 non
1666 2589 1722 2627 ut
1748 2588 1945 2628 tantum
1971 2590 2277 2649 spectentur.

1604 2654 1650 2705 3.
1673 2655 1883 2722 Ostrea,
1900 2655 2088 2720 echini,
2106 2658 2365 2728 spondyli,
2388 2661 2571 2724 mulli,

1528 2731 1758 2802 perturb.
1777 2743 1868 2784 ete.
1888 2731 1989 2786 Sic.
2004 2753 2163 2786 mma.
2179 2735 2375 2807 Vulgo,
2396 2748 2575 2790 ostrea

1535 2807 1751 2870 echinis,
1778 2812 2025 2881 spondyli
2036 2803 2338 2880 perlui-bati
2362 2819 2581 2869 mullis.

1601 2887 1652 2951 4.
1677 2888 1797 2938 Non
1815 2895 1953 2939 esset
1966 2887 2231 2962 confusior
2244 2898 2577 2946 vomentium

1534 2963 1695 3031 cibus.
1724 2963 1869 3016 Adeo
1905 2965 2183 3017 miscentur
2202 2968 2357 3020 variae
2388 2969 2581 3044 dapes,

1530 3052 1588 3092 ut
1624 3058 1730 3091 non
1770 3040 1932 3112 magis
1970 3040 2301 3096 miscerentur
2324 3084 2339 3110 ‚
2377 3047 2426 3099 si
2466 3049 2579 3115 iam

1530 3117 1792 3170 stomacho
1820 3131 2073 3172 concoctae
2100 3137 2481 3178 evomerentur.

1600 3201 1647 3250 5.
1686 3195 1979 3266 Quomodo.
1997 3237 2010 3250 .
2024 3238 2036 3251 .
2052 3237 2064 3250 .
2102 3201 2583 3258 observationibus.

1531 3273 1707 3326 Totius
1729 3273 1878 3344 hujus
1904 3274 2004 3328 loci
2026 3295 2203 3330 sensus
2222 3291 2295 3330 est
2315 3301 2331 3330 z
2354 3280 2581 3334 Miscete

1534 3370 1685 3422 quam
1703 3351 1944 3424 plurimas
1962 3353 2130 3426 dapes;
2147 3375 2249 3425 quo
2266 3356 2581 3429 pluresmis-

1534 3430 1735 3482 cueritis
1750 3468 1765 3495 ‚
1791 3449 1851 3482 eo
1872 3430 2036 3502 plures
2056 3433 2265 3486 morbos
2284 3447 2334 3486 et
2350 3436 2581 3510 inexpli-

1534 3527 1593 3560 οι
1602 3507 1782 3560 bileset
1794 3508 2134 3562 multiformes
2149 3516 2583 3570 convocaveritis.

1599 3585 1649 3641 (i.
1691 3585 2128 3658 Multigenerihus
2177 3591 2583 3647 observationi-

1533 3665 1650 3718 bus.
1681 3665 1871 3736 Scripsi
1912 3687 1971 3718 ex
2006 3665 2169 3737 Lipsii
2205 3670 2431 3743 conject-
2464 3672 2585 3726 Nee

1534 3742 1675 3795 enim
1708 3744 1977 3798 ferendum
2004 3745 2278 3800 videbatur
2303 3749 2583 3822 vulgitum

1532 3825 1716 3876 multis
1730 3825 2021 3892 generibus,
2046 3828 2233 3880 multis
2252 3829 2587 3882 observatio-

1530 3902 1703 3954 nibus.
1728 3901 1853 3956 Scil.
1886 3903 2093 3974 repetita
2124 3923 2227 3956 vox
2262 3911 2455 3960 multe‘s
2486 3909 2585 3960 in-

1532 3992 1973 4054 terpretamentum
1994 3982 2159 4034 fuerat
2173 3981 2423 4038 vocabuli
2440 3991 2589 4040 mul·

1535 4058 1859 4126 tukeneribus.
1881 4055 2046 4113 δεῦεν.
