2667 4475
421 289 558 384 ⁵94
1155 278 1451 353 Jus'n
1496 280 1821 352 mrsu

409 451 686 513 eousque
717 428 1080 507 delinquere,
1111 438 1172 487 et
1193 436 1407 487 terram
1428 426 1575 486 fleri.
1610 425 1809 487 Plures
1832 428 1993 488 enim
2020 428 2149 507 ejus
2176 446 2393 487 verm
2418 427 2573 487 vide.

407 540 538 601 dam
567 560 704 600 vero
731 537 888 598 idem
920 548 1090 615 poeta
1113 532 1414 618 AEgypfios
1444 533 1585 595 facit
1614 532 1809 597 dicere
1835 533 1980 618 (lib.
2014 535 2115 611 X,
2152 532 2327 617 258)
2354 560 2379 595 a

731 654 830 703 Nec
849 664 952 702 non
967 650 1164 701 couno
1181 648 1316 717 penei
1333 648 1669 716 thbumque
2101 642 2117 649 “

393 842 564 917 Quid
579 844 962 905 facetissimus
989 841 1330 904 Anacreon?

1027 958 1157 1011 nim
1174 956 1401 1012 ,θέλουσα
1421 954 1469 1009 δ’
1490 953 1669 1024 ἄρας’,

1024 1036 1066 1099 ὁ
1094 1046 1276 1109 «νήπιος
1299 1047 1565 1099 adum.-

1029 1138 1095 1186 Et
1111 1143 1250 1207 potat
1268 1153 1435 1205 aequor
1453 1153 1619 1197 auras,

1015 1226 1331 1296 --Phoebusque
1356 1234 1495 1295 potat
1512 1242 1694 1295 aequor.
1802 1210 1815 1287 J

395 1328 482 1393 Et
508 1328 678 1392 infert
695 1376 712 1405 ,
745 1324 947 1413 quidni
975 1330 1146 1390 etiam
1179 1350 1283 1389 nos
1312 1328 1615 1392 bibamus?
1646 1324 1891 1419 Levibus
1916 1328 2167 1389 testibus
2194 1330 2281 1389 sit
2305 1352 2343 1389 a
2369 1352 2561 1413 magno

401 1440 751 1519 Hippocrate
778 1434 1023 1519 pondus.
1051 1462 1090 1503 ,α
1117 1434 1230 1494 Soli
1251 1480 1269 1508 ‚
1297 1434 1473 1495 Lunae
1493 1477 1511 1508 ,
1538 1434 1700 1495 astris
1722 1478 1739 1507 ,
1766 1435 1957 1514 inquit
1983 1432 2085 1517 (de
2112 1434 2455 1519 Flatibus),
2482 1440 2557 1496 via

399 1520 506 1631 per
531 1544 827 1625 Spiritum.
853 1540 999 1601 Nam
1023 1540 1142 1623 igni
1165 1536 1409 1620 Spiritus
1436 1537 1833 1621 estpabulum.
1861 1538 2080 1621 Spiritu
2108 1542 2388 1623 privatus
2426 1546 2557 1627 iguis

400 1676 517 1712 non
555 1652 734 1733 possit
765 1650 978 1712 vivere.
1017 1674 1043 1700 ιο
1083 1644 1282 1728 Ipsum
1309 1646 1629 1709 Homerum
1648 1689 1666 1721 ‚
1698 1645 2024 1706 divinarum
2052 1650 2334 1709 omnium
2362 1650 2557 1709 inven—

391 1760 619 1817 tionum
653 1750 867 1815 fontem
891 1767 947 1813 et
973 1751 1251 1837 originem
1275 1748 1439 1832 (vero
1460 1752 1644 1835 elogio
1665 1774 1699 1811 a
1714 1750 2011 1811 Macrobio
2030 1752 2116 1811 sic
2140 1752 2403 1838 dictum)
2422 1756 2557 1815 iden

397 1862 724 1935 Macrobius
769 1884 834 1919 eo
885 1858 1078 1931 ducit;
1109 1861 1224 1941 qui
1257 1886 1285 1913 «ι
1311 1860 1421 1919 sub
1448 1860 1655 1941 poetici
1684 1860 1838 1919 nube
1866 1860 2127 1943 figmenti
2148 1904 2167 1935 ‚
2204 1862 2437 1943 iuquit,
2466 1884 2555 1921 ve·

395 1991 527 2029 rum
573 1966 922 2049 sapientibus
957 1964 1118 2026 dedit
1147 1964 1389 2048 intelligi
1418 1990 1433 2025 ε
1460 1965 1691 2049 quando
1724 1964 1925 2027 Jovem
1944 2011 1963 2041 ,
1995 1989 2135 2027 cum
2174 1966 2299 2028 diis
2326 1972 2547 2037 ceteris,

382 2075 457 2136 ·id
486 2086 606 2149 est,
651 2094 781 2133 cum
820 2069 1005 2135 Stellis
1029 2114 1046 2146 ,
1077 2063 1397 2158 profectum
1423 2054 1823 2133 in³0ceanum
1850 2116 1867 2147 ,
1911 2070 2291 2154 Ethiopibus
2322 2097 2457 2135 eum
2482 2074 2547 2134 ad

379 2182 592 2265 epulas
623 2179 994 2242 invitantibus
1011 2222 1028 2256 ‚
1059 2178 1319 2262 scripsit3
1350 2160 1677 2262 significans
1696 2224 1712 2254 ,
1742 2179 1957 2242 hauriri
1984 2178 2059 2241 de
2090 2180 2353 2244 humore
2378 2186 2549 2244 nutri·-

381 2283 588 2350 'menta
617 2287 919 2350 sideribus.
955 2314 984 2340 ι»
1019 2285 1328 2370 Consignet
1354 2280 1517 2377 lian'c:
1539 2284 1878 2348 sententiam
1910 2300 1969 2348 et
1996 2301 2199 2348 noster
2216 2291 2547 2350 Ambrosius

395 2395 488 2480 (11
515 2396 802 2456 Hexaem.
829 2438 848 2469 ,
887 2417 1014 2478 cap.
1051 2389 1113 2478 3)
1141 2391 1166 2481 ’ς
1211 2420 1240 2446 «ι
1263 2384 1617 2474 Frequenter
1656 2378 1843 2480 solem
1876 2393 2142 2454 videmus
2168 2395 2475 2458 madidum
2500 2411 2551 2456 et

386 2515 718 2574 :rorantem3
747 2503 808 2560 in
833 2523 949 2582 quo
981 2493 1215 2562 evidens
1239 2482 1341 2558 dat
1361 2497 1636 2579 indicium
1650 2543 1666 2573 ,
1692 2493 1848 2582 quod
1870 2497 2209 2561 alimentum
2234 2505 2355 2562 sihi
2382 2527 2549 2586 aqua·

391 2631 529 2668 rum
549 2652 566 2682 ,
609 2608 685 2668 ad
711 2609 1046 2689 temperiem
1081 2604 1170 2666 sui
1209 2604 1587 2692 sumpserit&
1623 2596 1747 2685 Etsi
1780 2605 2061 2668 indicium
2092 2629 2237 2668 saue
2265 2611 2547 2671 infirmnm

400 2727 485 2773 est
506 2757 524 2788 ,
563 2725 620 2773 ‘et
659 2713 885 2796 plebeio
931 2735 1104 2773 sensu
1135 2694 1353 2772 'nixum
1385 2736 1403 2770 ι
1436 2711 1501 2771 at'
1531 2689 1671 2794 ejus·
1698 2725 1887 2772 tamen
1934 2735 2095 2774 mens
2136 2729 2411 2797 apparet.
2442 2717 2543 2778 Sed

394 2819 634 2902 propius
663 2819 881 2902 aliquid
909 2820 984 2880 ad
1019 2799 1198 2880 verba·
1220 2804 1452 2880 Laertii.
1499 2819 1705 2879 Aiebat
1735 2820 1998 2881 distincte
2019 2865 2038 2895 ,
2076 2849 2103 2875 σι
2128 2821 2333 2885 Solem
2370 2847 2404 2885 e
2430 2847 2545 2884 ma-

395 2929 540 2989 rinis
597 2929 759 3012 aquis
791 2929 968 3010 pasci.
1001 2955 1029 2982 ι»
1078 2927 1218 2988 Ideo
1248 2925 1549 2988 Cleanthes
1604 2925 1701 3010 (in
1730 2927 1980 3010 Stoboeo)
2016 2927 2211 2990 Solem
2282 2930 2539 3002 dicebat,

402 3065 430 3092 ιι
461 3036 670 3096 Facem
715 3033 1005 3095 intellectu
1037 3033 1369 3115 praeditam3
1420 3056 1453 3094 e
1484 3031 1625 3095 inari
1666 3055 1981 3095 accensam.
2020 3063 2049 3089 »ι
2080 3035 2257 3111 Quod
2310 3039 2391 3099 ad
2438 3041 2541 3099 ali-

389 3157 590 3205 menta
617 3140 984 3204 referendum
1016 3139 1188 3201 modo
1215 3161 1339 3200 esse
1360 3183 1377 3215 ,
1408 3119 1531 3222 quae
1558 3141 1698 3200 inibi
1736 3153 2053 3223 sequuntur
2080 3141 2320 3204 docent.
2358 3145 2539 3228 Chry-

395 3253 592 3333 sippus
621 3251 732 3310 tale
761 3274 778 3308 =
815 3274 842 3303 «
870 3247 1071 3310 ‚Solem
1113 3269 1236 3310 esse
1264 3246 1449 3308 facem
1486 3247 1781 3308 collectam
1818 3261 1877 3308 et
1910 3269 2209 3309 accensam
2227 3294 2248 3324 ,
2308 3253 2535 3312 intelle·-

393 3351 640 3417 ctualem
659 3402 676 3432 ,
723 3379 795 3416 ex
827 3377 1037 3438 vapore
1065 3351 1259 3415 ma'ris.
1303 3381 1331 3407 ›-
1372 3351 1447 3415 Et
1473 3354 1627 3436 quod
1660 3377 1795 3416 mox
1822 3355 1883 3413 in
1918 3349 2145 3415 Laertio
2174 3359 2444 3440 sequitur
2469 3359 2533 3420 de

357 3459 364 3466 ⁵
393 3461 561 3524 Luna
577 3507 595 3540 ‚
620 3491 648 3518 οι
675 3485 745 3523 ex
772 3464 934 3545 aquis
964 3461 1224 3522 dulcibus
1247 3485 1266 3522 z
1299 3489 1326 3517 ιι
1351 3461 1505 3522 idem
1530 3461 1883 3544 Chrysippus
1908 3484 2036 3523 eam
2054 3463 2291 3525 dicebat
2312 3490 2331 3526 ε
2360 3495 2389 3520 ι
2412 3467 2531 3526 eol-

388 3570 601 3631 'lectam
653 3591 1062 3651 accensamque
1089 3567 1269 3629 facem
1287 3611 1305 3642 ,
1357 3581 1487 3650 post
1530 3565 1717 3629 Solem
1731 3613 1748 3645 ,
1780 3591 1852 3629 ex
1881 3591 2161 3652 aquarum
2198 3573 2525 3652 potabilimn

391 3700 625 3759 vapore.
652 3703 680 3730 υ
717 3675 894 3737 Dicas
933 3697 1007 3736 ex
1035 3677 1157 3735 istis
1174 3719 1192 3749 ,
1222 3675 1378 3756 quod
1410 3675 1589 3758 Ignea
1623 3675 1857 3756 quidem
1890 3675 2121 3738 morum
2156 3693 2369 3742 namra
2386 3725 2405 3755 ,
2434 3679 2522 3739 scd

397 3783 567 3844 ardor
595 3784 693 3844 ille
736 3785 810 3846 sit
851 3807 885 3846 e
911 3783 1149 3843 materia
1175 3781 1296 3842 tali.
1333 3781 1449 3842 Sed
1485 3781 1683 3842 desino
1724 3781 1842 3842 haec
1878 3785 2102 3847 minuta
2120 3799 2183 3847 et
2210 3809 2474 3872 seruposa
2498 3811 2514 3844 ε

397 3891 509 3950 nisi
538 3890 775 3952 sortasse
805 3889 950 3950 nihil
977 3890 1039 3948 in
1075 3887 1438 3971 Philosophia
1466 3909 1705 3970 parvum
1734 3903 1819 3951 est
1836 3933 1855 3966 ,

995 4046 1180 4064 ......
1201 4012 1467 4080 prasertim
1484 4011 1627 4062 rebus
1646 4012 1699 4062 in
1715 4011 1811 4064 illis

721 4105 837 4167 Quae
855 4119 996 4170 supra
1017 4107 1164 4170 caput
1179 4099 1386 4152 athen-iis
1402 4109 1667 4178 cernuntur
1687 4103 1739 4154 in
1761 4102 1875 4153 oris.
