2667 4475
495 373 976 444 PHYSIOL.
1029 372 1531 444 STOICOR.
1584 374 1777 444 LIB.
1828 376 1983 445 111.
2194 378 2327 472 667

177 541 289 579 sua
327 518 652 577 discrimina
699 516 922 577 sedium
960 517 1248 577 habebant
1275 562 1291 591 ‚
1347 530 1404 577 et
1435 517 1710 599 quasdam
1754 520 1933 601 magis
1972 519 2113 577 imas
2164 543 2179 577 ε
2218 542 2332 579 non

177 637 378 683 nostro
399 624 658 683 instituto
678 646 834 684 nunc
855 622 1206 684 referendas.
1234 622 1593 698 Plutarchus,
1615 620 1703 685 De
1704 622 1873 704 facie
1892 626 1949 683 in
1970 624 2101 684 orbe
2120 622 2297 684 Iunoe
2314 672 2328 695 ‚

177 731 294 789 sub
336 731 550 803 finem3
587 730 913 789 Macrobius
956 730 1016 788 in
1045 726 1328 810 Scipionis
1374 727 1670 789 Somnium
1696 774 1713 803 ,
1745 730 2047 789 Stobaeanae
2086 743 2338 812 utraeque

179 835 414 919 Eclogae
437 880 454 911 ,
488 849 546 897 et
584 837 710 918 ipse
758 836 918 895 Plato
944 880 960 909 ‚
1005 836 1257 895 ubertim
1303 836 1757 917 suppeditabunt
1787 839 2061 919 cupienti.
2104 836 2339 897 Absolvi

176 944 297 1003 hoc
325 943 643 1024 Septimum
675 945 924 1026 spatium
949 970 970 1017 ‚>
1002 964 1200 1025 pergo.
1250 944 1401 1002 Aul).
1439 942 1625 1002 Immo
1652 946 1787 1003 siste
1813 988 1830 1017 ,
1864 956 1922 1003 et
1947 944 2055 1003 hoc
2096 942 2335 1005 addoce.
2390 998 2396 1008 .

178 1048 524 1132 Sapientum
552 1052 602 1109 si
635 1052 695 1109 in
730 1049 991 1109 felicibus
1021 1049 1268 1129 altisque
1293 1048 1433 1108 locis
1482 1072 1497 1107 ε
1531 1048 1673 1129 quid
1712 1049 2115 1131 Insipientium
2140 1094 2157 1123 ‚
2199 1049 2343 1109 nihil

181 1158 262 1215 iis
293 1178 474 1238 poenae
503 1168 602 1217 aut
625 1157 847 1216 mulctae
870 1156 896 1215 ’.Ρ
917 1155 976 1216 Si
1007 1157 1232 1237 superi,
1259 1156 1402 1215 nulli
1430 1154 1599 1215 inferi
1630 1154 1805 1215 sunt?
1834 1154 1989 1215 Lxrs.
2020 1155 2149 1217 Jam
2182 1155 2337 1232 dixi,

183 1264 426 1345 purgari
445 1306 464 1335 ,
499 1276 554 1323 et
578 1262 793 1322 erudiri
817 1283 834 1319 ε
858 1262 962 1339 sed
988 1260 1061 1321 de
1086 1261 1503 1343 Incipientibus
1526 1274 1623 1321 aut
1643 1262 1803 1321 bonae
1825 1263 1948 1344 spei
1978 1274 2035 1321 et
2059 1262 2345 1343 profectus

179 1369 302 1430 hoc
325 1371 643 1451 acceperim
673 1392 689 1427 ε
723 1369 797 1429 de
821 1370 1114 1450 pessimis,
1147 1390 1272 1449 quae
1301 1369 1445 1428 ratio
1476 1368 1595 1428 est?
1621 1368 1864 1427 Pereant
1885 1413 1901 1441 ,
1938 1380 2039 1427 aut
2060 1380 2214 1426 certe
2236 1348 2346 1425 va*-

189 1478 419 1559 pulent.
468 1476 854 1537 Tertullianus
879 1520 896 1551 ,
941 1476 1013 1535 de
1051 1475 1250 1534 Stoicis
1285 1474 1463 1557 (cap.
1510 1472 1631 1557 54)
1665 1498 1681 1532 ε
1722 1502 1750 1527 «
1788 1474 2063 1556 Reliquas
2112 1474 2347 1532 Animas

187 1580 356 1665 (non
389 1581 638 1642 eruditas
662 1627 679 1657 ,
714 1594 812 1642 aut
851 1580 1240 1665 erudiendas)
1273 1582 1349 1642 ad
1378 1581 1589 1641 inferos
1631 1580 1925 1661 dejiciunt.
1959 1608 1987 1634 υ
2024 1580 2349 1640 Lactantius

189 1687 338 1771 (lib.
377 1688 499 1750 VII
520 1731 538 1763 ,
567 1711 695 1769 cap.
729 1688 809 1771 7)
844 1709 859 1745 ε
899 1716 928 1743 ιι
963 1686 1104 1748 Esse
1135 1686 1346 1747 inferos
1375 1688 1529 1749 Zeno
1557 1689 1777 1748 Stoicus
1808 1689 2002 1749 docuit
2026 1731 2043 1762 ,
2080 1701 2138 1747 et
2186 1686 2351 1747 sedes

187 1796 423 1877 piorum
444 1797 518 1855 ab
543 1797 735 1879 impiis
767 1816 889 1855 esse
918 1796 1190 1856 discretas
1229 1819 1245 1854 ε
1280 1808 1336 1855 et
1364 1796 1491 1855 illos
1514 1796 1751 1876 quidem
1774 1840 1791 1869 ‚
1828 1797 2049 1876 quietas
2083 1818 2147 1877 ac
2182 1794 2351 1853 dele-

188 1902 436 1962 ctabiles
490 1904 742 1962 incolere
792 1904 1052 1985 regiones
1081 1926 1096 1973 ;
1146 1902 1250 1961 hos
1299 1923 1436 1962 vero
1474 1904 1636 1963 luere
1683 1925 1883 1985 poenas
1932 1904 1994 1961 in
2038 1903 2352 1963 tenebrosis

187 2009 340 2068 locis
360 2052 379 2082 ,
418 2020 590 2090 atqtre
621 2011 684 2069 in
711 2011 860 2069 coeni
889 2007 1255 2093 voraginibus
1279 2009 1601 2071 horrendis.
1631 2037 1659 2063 u
1685 2008 1900 2071 Seneca
1923 2023 2115 2070 noster
2136 2008 2354 2091 aliquid

187 2118 384 2197 tangit
408 2113 704 2199 (Epistola
721 2116 928 2201 exvn)
953 2140 968 2176 =
1001 2144 1030 2172 «ι
1053 2118 1244 2192 Quum
1269 2117 1343 2177 de
1366 2119 1702 2177 Animarum
1726 2118 2148 2177 immortalitate
2172 2114 2357 2197 loqui-'-

189 2206 353 2298 mur,
386 2245 502 2284 non
528 2224 656 2285 leve
695 2234 1049 2285 momentum
1081 2225 1237 2307 apud
1281 2247 1387 2284 nos
1430 2224 1605 2284 habet
1647 2225 1973 2284 Consensus
2008 2221 2307 2283 hominnm
2334 2268 2351 2296 ,

187 2341 302 2389 aut
330 2329 654 2388 timentium
695 2329 909 2390 inferos
933 2375 950 2406 ,
987 2345 1086 2390 aut
1127 2320 1457 2390 colentium.
1506 2331 1654 2390 Utor
1685 2330 1791 2389 bac
1838 2331 2207 2411 persuasione
2240 2353 2355 2411 pu-

189 2433 372 2494 blica.
410 2457 440 2486 ι»
473 2433 706 2493 Publica
729 2478 746 2506 ‚
777 2435 882 2494 sed
907 2458 1023 2495 non
1056 2437 1289 2518 propria
1322 2448 1517 2495 tamen
1554 2459 1571 2494 ε
1607 2449 1662 2495 et
1690 2438 1813 2518 ipse
1844 2436 2073 2495 abdicat
2102 2459 2167 2496 ac
2190 2457 2355 2517 sper-

193 2540 310 2600 nit.
355 2539 437 2600 Ut
475 2538 548 2599 ad
585 2539 864 2600 Marciam
892 2540 1060 2624 (cap.
1109 2538 1220 2626 19)
1253 2565 1269 2600 ε
1313 2570 1343 2597 «ι
1375 2543 1481 2602 Illa
1510 2565 1635 2623 quae
1684 2543 1849 2602 nobis
1880 2541 2092 2603 inferos
2138 2542 2353 2602 faciunt

200 2645 514 2719 terribiles,
540 2645 734 2706 fabula
756 2659 860 2706 est.
887 2646 1084 2707 Nullas
1114 2649 1324 2707 scimus
1352 2649 1652 2708 imminere
1670 2650 1908 2709 mortuis
1932 2649 2217 2724 tenebras,
2242 2671 2350 2708 nec

199 2771 494 2813 carcerem
516 2796 535 2827 ,
564 2774 670 2814 nec
705 2751 1001 2836 flagrantia
1033 2756 1169 2837 igne
1194 2799 1211 2829 ,
1243 2778 1349 2816 nec
1383 2756 1684 2815 oblivionis
1722 2778 1950 2816 amnem
1977 2801 1993 2829 ,
2025 2779 2132 2815 nec
2155 2733 2351 2815 tribu-

199 2860 358 2920 nalia
381 2902 399 2934 ,
431 2881 538 2920 nec
574 2881 722 2920 reoS.
763 2859 1049 2921 Luserunt
1075 2861 1183 2920 ista
1209 2873 1391 2942 poetae
1413 2905 1430 2933 ‚
1468 2873 1527 2920 et
1556 2863 1719 2920 vanis
1766 2884 1869 2921 nos
1913 2863 2198 2944 agitavere
2230 2874 2355 2921 ter-

203 2965 450 3025 roribus.
483 2965 643 3026 Mors
673 2967 928 3027 omnium
962 2965 1224 3027 dolorum
1247 2979 1306 3026 et
1331 2969 1538 3027 solutio
1560 2981 1645 3027 est
1670 3012 1687 3041 ‚
1719 2981 1777 3028 et
1796 2969 1925 3027 finis
1959 2991 1975 3027 ε
2008 2967 2157 3029 ultra
2179 2991 2351 3050 quam

203 3071 358 3132 mala
387 3085 574 3132 nostra
597 3095 715 3132 non
745 3085 977 3133 exeunt.
1011 3099 1040 3126 ι»
1073 3072 1236 3133 Idem
1255 3071 1553 3155 Epictetus
1576 3071 1717 3156 (311
1744 3073 1987 3134 Dissert.
2025 3097 2152 3156 cap.
2195 3073 2303 3158 13)
2332 3099 2347 3134 ε
2420 3093 2431 3105 ·

215 3205 242 3232 κ
271 3179 476 3238 Nullus
507 3179 689 3240 Orcus
723 3191 810 3240 est
828 3225 844 3256 ,
875 3181 1068 3240 nullus
1097 3181 1360 3240 Acheron
1382 3224 1399 3255 ,
1428 3180 1622 3258 nullus
1647 3179 1891 3262 Cocytus
1910 3224 1927 3255 ‚
1956 3182 2146 3241 nullus
2177 3183 2354 3263 Pyri-

207 3286 554 3368 phlegethon
580 3332 597 3360 ,
641 3287 745 3347 scd
797 3289 986 3347 omnia
1041 3287 1210 3367 plena
1256 3299 1392 3346 sunt
1438 3287 1694 3347 Deorum
1728 3299 1785 3346 et
1828 3285 2161 3349 Geniorum.
2196 3315 2223 3342 n
2278 3289 2355 3349 At

207 3415 388 3474 quum
420 3393 512 3451 isti
545 3394 627 3452 sic
675 3405 888 3476 negant
916 3437 933 3468 ,
971 3393 1145 3452 immo
1192 3405 1551 3474 pernegant3
1600 3415 1673 3452 an
1718 3392 2061 3454 dissentiunt
2096 3417 2129 3454 a
2164 3398 2351 3477 capite

207 3519 314 3558 suo
347 3499 620 3558 Zenone?
653 3499 781 3558 Non
809 3500 1052 3560 arbitror
1083 3523 1100 3558 =
1137 3519 1325 3580 neque
1360 3499 1649 3559 Zenonem
1676 3499 1833 3559 aliud
1860 3502 2103 3562 sensisse
2127 3545 2143 3576 ,
2180 3525 2351 3583 quam

209 3604 360 3664 eirca
382 3616 592 3664 terram
612 3605 673 3662 in
695 3625 859 3663 coeno
876 3617 932 3664 et
951 3605 1212 3666 sordibus
1233 3605 1499 3678 volutari,
1525 3608 1869 3690 contrarium
1897 3621 2111 3668 naturae
2131 3609 2309 3690 igneae
2330 3653 2347 3681 ‚

210 3723 386 3792 atque
403 3709 508 3770 hos
539 3709 751 3770 infel-os
781 3731 924 3770 esse.
958 3709 1238 3771 Lactantii
1265 3711 1441 3771 verba
1472 3711 1729 3792 inspecta
1754 3711 1862 3771 hoc
1896 3713 2107 3772 dicent.
2133 3713 2351 3774 Tamen

209 3818 422 3879 mirum
440 3861 458 3891 ,
489 3829 547 3876 et
576 3817 742 3877 nobis
775 3815 1090 3876 notandum
1119 3831 1206 3877 est
1227 3861 1243 3892 ,
1282 3820 1587 3900 plerosque
1612 3841 1811 3878 omnes
1838 3832 2095 3879 veterum
2120 3863 2137 3892 ,
2175 3821 2351 3880 immo

211 3925 514 4007 plerasque
546 3944 742 3983 omnes
777 3925 1031 4006 gentium
1059 3967 1076 3997 ,
1115 3923 1332 4004 aliquid
1363 3925 1435 3985 de
1465 3924 1673 3984 Inferis
1704 3926 2011 4005 scriptione
2045 3969 2061 3998 ,
2096 3937 2195 3984 aut
2220 3927 2352 4007 opi-

209 4031 472 4104 natione,
516 4030 741 4092 libasse.
777 4031 1181 4112 Trismegistus
1207 4043 1401 4111 aperte
1422 4075 1439 4105 ,
1464 4033 1525 4090 in
1556 4031 1645 4092 his
1674 4051 1799 4112 quae
1828 4043 2052 4090 exstant
2074 4075 2091 4106 ,
2123 4033 2352 4114 insper-

213 4139 326 4198 sit:
363 4151 420 4198 et
449 4138 524 4199 de
551 4159 620 4198 eo
651 4139 1032 4200 Tertullianus
1058 4134 1229 4220 (cap.
1277 4159 1348 4198 10
1373 4183 1389 4214 ,
1428 4151 1485 4199 et
1520 4139 1579 4198 in
1608 4136 1959 4220 Stoboeanis)
1992 4163 2009 4198 ε
2057 4166 2084 4194 «
2118 4139 2355 4200 Mercu-
