2667 4475
796 271 1358 343 EPISTOLA
1405 270 1569 341 cx.
2131 275 2270 367 239

104 404 293 477 trum
328 405 775 501 pedagogum
819 402 969 471 dari
1004 404 1223 472 Deum
1240 451 1265 489 ,
1312 424 1452 471 non
1487 399 1768 493 quidem
1803 400 2262 487 ordinarium,

106 522 235 593 sed
262 522 448 592 hunc
484 519 834 591 inferioris
859 532 1033 587 notae
1048 566 1073 604 ‚
1106 541 1189 586 ex
1213 540 1452 587 eorum
1477 538 1762 586 numero
1783 540 1958 610 quoe
1979 518 2268 588 Ovidius

107 640 207 707 ait
237 640 317 705 de
336 636 537 729 plebe
563 637 775 703 Deos.
814 636 919 703 Ita
952 648 1179 701 tamen
1210 633 1344 702 hoc
1379 655 1664 727 seponas
1689 634 1844 703 volo
1861 684 1892 718 „
1919 650 2000 704 ut
2027 635 2273 707 memi-

104 754 292 823 neris
312 802 331 835 ‚
376 750 677 845 majores
714 764 1025 836 nostros,
1058 748 1179 842 qui
1206 746 1690 835 crediderunt,
1728 750 1990 819 Stoicos
2023 750 2268 837 fuisse3

106 869 397 963 singulis
441 868 629 936 enim
664 882 733 934 et
770 866 1067 937 Genium
1095 880 1166 933 et
1208 866 1548 933 Junonem
1586 862 1952 935 dederunt.
1993 868 2010 899 ¹
2035 868 2274 937 Postea
2321 904 2350 936 2

108 981 496 1074 videbimus
516 1032 537 1067 ,
578 1006 669 1051 an
696 995 957 1049 tantum
984 980 1137 1049 Diis
1170 995 1400 1062 vacet,
1439 996 1519 1049 ut
1553 983 1974 1074 privatorum
2001 984 2277 1078 negotia

105 1114 566 1196 procurarent
588 1104 658 1187 ²3
692 1099 970 1169 interim
990 1097 1164 1168 illud
1192 1100 1363 1167 scito
1383 1148 1404 1181 ,
1435 1100 1581 1168 sive
1603 1100 1933 1196 assignati
1949 1095 1973 1136 ³
2003 1124 2270 1185 sumus,

108 1220 253 1287 sive
280 1217 585 1311 neglecti
608 1209 635 1259 ⁴
674 1230 747 1284 et
793 1215 1079 1293 fortunae
1123 1212 1309 1297 dati,
1351 1213 1526 1283 nulli
1569 1230 1635 1284 te
1676 1239 1874 1309 posce
1913 1217 2278 1313 imprecari

111 1334 491 1430 quidquam
522 1334 797 1429 gravius
818 1384 838 1417 ‚
874 1356 1079 1428 quam
1112 1334 1172 1401 si
1208 1333 1624 1426 imprecatus
1654 1333 1868 1403 fuerin
1886 1383 1904 1418 ,
1938 1352 2018 1403 ut
2051 1360 2124 1407 ae
2149 1338 2282 1409 ha-

108 1456 271 1523 beat
310 1455 589 1523 iratum.
633 1450 767 1521 Sed
804 1474 945 1519 non
986 1466 1128 1535 est,
1170 1472 1386 1543 quare
1425 1452 1786 1543 cuiquam,
1837 1475 2042 1545 quem
2075 1478 2279 1547 poena

107 1570 461 1665 putaveris
484 1568 770 1662 dignum
788 1616 809 1651 ,
837 1562 1056 1661 optes'‚
1086 1580 1163 1635 ut
1190 1565 1472 1636 infestos
1494 1570 1678 1637 Deos
1704 1568 1953 1639 habeat
1975 1598 2009 1658 0,
2025 1570 2236 1641 habet
2248 1623 2273 1658 ,

110 1691 395 1781 inquam
414 1736 437 1771 ,
465 1686 675 1757 etiam
716 1686 773 1753 si
804 1683 1079 1754 videtur
1107 1706 1345 1753 eorum
1381 1708 1547 1753 cura
1579 1702 1649 1755 et
1689 1686 1918 1755 favore
1955 1685 2272 1782 produci.

111 1804 390 1873 Adhibe
430 1802 861 1897 diligentiam
893 1817 1076 1871 tuam
1094 1852 1115 1885 ,
1156 1816 1227 1871 et
1252 1802 1526 1875 intuere
1545 1852 1568 1887 ,
1599 1801 1772 1895 quid
1799 1804 1939 1873 sint
1975 1826 2085 1873 rec
2118 1826 2281 1873 noe·—
2325 1828 2359 1882 3

110 1939 265 2008 trae,
306 1944 451 1989 non
487 1918 667 2013 quid
682 1934 1051 2006 vocentur3
1084 1934 1156 1988 et
1187 1920 1364 1989 scies
1391 1916 1592 2013 plura
1615 1920 1792 2005 mala
1832 1915 1858 1957 ⁵
1875 1923 2280 2016 contingere

112 2035 349 2118 nobis,
397 2056 603 2125 quam
637 2030 979 2101 accidere.
1030 2031 1333 2124 Quoties·
1365 2033 1550 2102 enim
1587 2034 1932 2104 felicitatis
1978 2052 2050 2104 et
2079 2058 2282 2105 causa

112 2164 178 2216 et
222 2149 503 2218 initium
539 2140 566 2182 ⁶
613 2146 746 2214 fuit
778 2195 798 2228 ‚
872 2141 1058 2238 quod
1107 2148 1462 2212 calamitas
1503 2146 1930 2217 vocabatur?
1991 2148 2284 2241 Quoties

114 2289 361 2359 magna
416 2261 873 2356 gratulatione
920 2277 1201 2355 excepta
1254 2285 1366 2330 res
1413 2261 1704 2356 gradum
1751 2265 1882 2332 sibi
1927 2268 2174 2334 struxit
2207 2269 2284 2334 in

116 2403 425 2476 praeceps
442 2430 465 2467 ‚
500 2395 569 2448 et
590 2379 890 2471 aliquem
916 2380 1050 2469 jam
1071 2379 1486 2453 eminentem
1511 2379 1833 2449 allevavit
1861 2383 2280 2470 etiamnunc,

116 2518 443 2594 tanquam
470 2495 568 2568 ibi
608 2495 837 2566 adhuc
864 2511 1075 2564 staret
1096 2499 1149 2578 ⁷,
1178 2495 1364 2564 unde
1388 2511 1533 2565 tuto
1553 2496 1830 2565 caderet
1849 2499 1880 2566 Ρ
1897 2498 2034 2568 Sed
2063 2476 2284 2593 ipaum
2333 2509 2368 2576 4
2395 2583 2399 2591 ι

117 2617 291 2686 illud
344 2611 595 2684 cadere
631 2637 770 2682 non
799 2611 1010 2681 habet
1044 2614 1120 2680 in
1158 2635 1230 2681 ee
1275 2612 1436 2681 mali
1475 2612 1847 2706 quidquam
1868 2666 1889 2700 ,
1931 2618 1989 2685 si
2035 2619 2286 2688 exitum

120 2883 207 2938 eiae
229 2898 569 2936 communem
591 2897 702 2932 non
720 2877 885 2952 magis
906 2876 1158 2950 aspernati
1257 2877 1393 2931 mala
1414 2877 1656 2932 videntur
1673 2915 1690 2945 ‚
1717 2881 1854 2936 bona
1875 2901 1979 2936 etse
2003 2892 2053 2934 et
2070 2882 2212 2954 quasi
2229 2903 2289 2938 ex

119 2975 254 3024 sunt,
281 2977 445 3033 qnam
466 2956 694 3010 Romani
712 2955 1053 3029 plurimaque
1071 2971 1159 3006 na·
1256 2969 1378 3011 voto
1401 2977 1461 3010 ac
1484 2970 1653 3032 optato
1669 2957 1819 3012 nobis
1845 2960 2078 3025 evenire,
2099 2973 2192 3015 etc.
2215 2962 2288 3015 R.

120 3039 299 3093 tiones.
324 3034 467 3088 Vide
491 3035 701 3108 Menag.
724 3034 790 3087 ad
812 3033 969 3108 Diog.
992 3033 1159 3085 Lati-t.
1322 3032 1373 3086 6.
1399 3035 1699 3090 Felicitatis
1728 3048 1780 3090 et
1799 3057 1966 3104 causa
1987 3050 2039 3092 et
2060 3042 2288 3094 initium.

120 3117 247 3180 Vll,
276 3119 393 3167 151.
419 3113 602 3168 Ruhk.
1260 3110 1410 3164 Prius
1435 3122 1487 3164 et
1509 3113 1748 3186 ignorant
1775 3115 1891 3168 edd.
1913 3117 2003 3168 sed
2022 3117 2210 3172 latebat
2231 3121 2289 3174 in

188 3191 603 3247 1.Postea.Non
625 3187 720 3244 hac
740 3191 797 3242 in
816 3187 1053 3262 epistola,
1071 3190 1157 3241 sed
1260 3189 1419 3244 verbo
1443 3199 1549 3256 ese,
1579 3192 1719 3262 quod
1743 3191 1816 3244 ibi
1839 3203 2046 3266 ponunt
2071 3216 2124 3248 a.
2151 3217 2196 3251 c.
2218 3199 2289 3252 R.

120 3273 217 3326 alio
254 3271 485 3326 fortassis
524 3283 766 3344 tempore.
797 3267 970 3321 Simili
1000 3267 1159 3321 modo
1260 3269 1331 3322 A.
1356 3265 1467 3321 Pal.
1493 3289 1542 3334 1,
1567 3271 1628 3336 4,
1655 3270 1768 3324 Col.
1791 3272 1958 3328 Schw.

120 3349 346 3405 occurrit
368 3349 463 3423 Ep.
488 3363 653 3401 xxxvl
670 3386 687 3417 ‚
715 3345 999 3400 10.Ruhk.
1326 3367 1373 3416 7.
1424 3347 1706 3417 Tanquam
1745 3350 1828 3403 iba·
1868 3352 2042 3404 adbuc
2083 3341 2250 3407 siat-et
2271 3389 2288 3420 ,

186 3449 234 3482 2.
250 3430 613 3484 Protin-arent
626 3469 641 3494 ‚
660 3447 712 3478 a.
732 3447 773 3480 c.
786 3425 860 3478 R.
877 3427 949 3478 A.
968 3424 1103 3480 Edd.
1128 3447 1159 3481 a
1257 3425 1399 3478 unde
1425 3433 1536 3478 tuto
1555 3427 1780 3481 caderet.
1814 3428 2001 3483 Malim
2023 3432 2197 3484 adhuc
2216 3433 2293 3486 iba·

124 3507 255 3561 Mur.
274 3515 574 3575 procurent.
598 3503 759 3558 Schw-
1259 3521 1378 3555 eum
1403 3523 1456 3554 ο.
1478 3523 1521 3555 c.
1537 3505 1608 3555 Α.
1635 3503 1772 3556 Tum
1792 3509 1996 3561 caderet
2023 3528 2128 3561 non
2155 3510 2289 3563 male

184 3590 232 3639 3.
256 3587 565 3654 Assignatn‘.
592 3583 823 3654 Quisque
841 3601 935 3636 suo
956 3582 1068 3634 deo.
1086 3581 1159 3634 R.
1259 3579 1476 3652 quidem
1506 3582 1620 3635 edd.
1647 3583 1708 3638 ab
1730 3585 1820 3637 Er.
1837 3605 1953 3637 cum
1977 3584 2089 3640 Pal.
2108 3609 2136 3640 2
2151 3625 2172 3654 .,
2191 3585 2224 3638 3
2241 3601 2291 3641 et

185 3669 233 3730 4.
270 3661 399 3718 Sive
435 3665 663 3732 neglecti.
702 3661 773 3713 Ut
801 3679 952 3712 nemo
988 3679 1161 3712 curam
1255 3656 1377 3712 Col.
1408 3659 1496 3712 sed
1538 3679 1718 3712 verum
1756 3661 1988 3728 videtur,
2023 3667 2160 3718 unde
2180 3676 2294 3720 tuto

130 3743 287 3795 nostri
314 3752 485 3814 gerat,
520 3738 847 3792 Providentia
872 3755 979 3788 non
1000 3735 1081 3788 sit.
1098 3737 1163 3789 L.
1257 3740 1458 3791 cadunt
1477 3777 1492 3804 ,
1519 3739 1655 3808 quod
1679 3753 1752 3792 est
1777 3739 1834 3792 in
1853 3743 1922 3792 a.'
1937 3754 1987 3794 et
2006 3743 2080 3796 R.
2103 3757 2150 3797 et
2171 3744 2287 3798 Pal.

191 3823 236 3874 5.
256 3821 613 3888 Continget-e...
631 3818 877 3870 accidere.
895 3813 1035 3870 Illud
1053 3834 1166 3886 pro·
1266 3836 1287 3868 1
1307 3856 1323 3881 ‚
1350 3817 1382 3883 4
1395 3855 1411 3882 ,
1437 3836 1496 3869 ex
1518 3837 1621 3886 quo
1645 3818 1794 3871 etiam
1821 3832 1938 3874 nata
1959 3821 2144 3875 vitiosa
2166 3823 2290 3875 scri-

128 3898 230 3969 prie
258 3897 325 3950 de
356 3916 411 3948 re
436 3895 581 3960 loeta,
604 3891 704 3947 hoc
736 3893 801 3946 de
822 3913 876 3946 re
899 3891 1035 3946 mala
1062 3891 1163 3945 dici
1258 3905 1406 3967 ptura
1434 3893 1488 3946 in
1507 3915 1548 3948 c.
1575 3908 1625 3948 et
1646 3897 1717 3948 A.
1751 3900 1890 3951 unde
1921 3909 2038 3952 tuta
2076 3903 2289 3955 cadunt.
2380 3905 2388 3913 '

129 3976 251 4028 solet
274 3994 293 4030 ε
321 3991 621 4045 quanquam
647 3973 904 4026 interdum
932 3973 1163 4025 coufun-
1259 3967 1782 4041 Salam—Tanquam
1798 3975 1875 4026 iba·
1890 3975 2064 4030 adhuc
2078 3985 2289 4030 staret...

20 4065 22 4067 ’
132 4053 337 4107 duntur.
376 4051 655 4120 Putamus,
683 4051 785 4119 ait,
824 4049 983 4103 multa
1004 4088 1019 4117 ,
1050 4067 1161 4119 quae
1259 4049 1480 4100 caderet-
1509 4049 1608 4101 Im·
1646 4061 1890 4122 tanquam
1917 4052 2146 4107 nondum
2174 4074 2286 4110 eam
