2667 4475
393 390 403 399 ᾗ
449 312 938 383 PHYSIOL.
988 312 1487 383 STOICOR.
1536 314 1737 385 LIB.
1789 314 1935 383 ΙΙΙ.
2129 320 2263 405 645

77 470 261 517 tasse
281 500 300 531 ,
349 466 413 515 et
454 456 718 545 populari
759 456 953 539 aliqua
984 458 1429 538 praesumptione
1458 456 1556 517 illa
1576 502 1593 532 ‚
1628 480 1745 519 non
1771 461 2011 519 veritate
2039 462 2271 543 scripta.

77 564 288 623 Ratio
331 574 524 623 autem
567 561 724 641 dieat
745 606 762 637 ,
800 562 1080 644 quosdam
1126 564 1294 624 initio
1326 564 1671 625 exuberasse
1718 590 1737 625 z
1780 565 1885 625 sed
1922 558 2011 627 ad*
2034 568 2270 629 modum

83 668 332 731 deinde
369 680 590 729 eertum
622 670 848 730 venisse
869 713 887 744 ‚
931 691 966 728 n
1009 668 1062 727 N
1065 681 1230 745 atum
1256 672 1652 753 praescriptum
1668 715 1686 745 ‚
1720 672 1782 730 in
1812 692 1995 754 eoque
2026 675 2269 735 stetisse.

85 777 267 836 Sane
297 774 457 855 quod
485 774 560 834 ad
582 772 860 857 Gigantes
874 819 892 851 ,
919 774 1098 837 fuisse
1125 776 1435 859 aliquando
1450 822 1468 852 ,
1504 791 1562 839 et
1588 778 1744 860 apud
1763 780 1985 855 varios,
2016 784 2274 843 omnium

87 883 238 944 fere
272 883 534 964 gentium
575 880 822 943 historiae
857 894 956 943 aut
983 881 1216 943 traditio
1242 896 1567 945 testantur·
1598 898 1657 947 et
1681 887 1933 970 reliquia
1974 911 2039 948 nc
2068 911 2279 949 monu-

89 1001 312 1051 menta
347 988 474 1049 heri
513 1000 572 1049 et
613 1011 834 1070 nuper,
876 992 938 1050 in
965 1010 1116 1052 novo
1147 992 1319 1051 etiam
1350 991 1519 1069 orbe,
1534 994 1871 1105 certissime
1898 996 2041 1056 visa.
2078 997 2278 1097 Neque
2350 979 2355 987 ’

95 1096 170 1157 id
203 1097 356 1159 ratio
382 1096 534 1156 dieta
563 1096 840 1173 abnatat.

817 1328 1426 1399 DISSERTATIO
1477 1332 1599 1393 vl.

105 1506 196 1566 E
217 1506 447 1569 Semina
483 1507 766 1569 Homines
791 1509 1150 1590 propagari·
1187 1518 1248 1569 et
1278 1508 1427 1568 illud
1452 1505 1770 1589 dffiniwm.
1817 1508 1949 1568 Vin·
1979 1508 2280 1586 genitabile

497 1613 742 1684 habent,
775 1635 886 1674 mn
917 1612 1371 1696 ι’έσηιῙωηιὺπω·
1396 1614 1545 1675 etde
1568 1636 1623 1675 οι
1612 1613 1902 1694 Ἔρωτας.

203 1838 350 1911 Sssu..
369 1838 542 1921 primi
570 1838 746 1922 igitur
771 1837 1032 1898 homines
1063 1837 1254 1903 a-Beo
1281 1849 1341 1897 et
1372 1836 1735 1898 Providentia
1767 1835 1981 1897 conditi
2014 1858 2032 1894 τ
2064 1838 2280 1909 secuti,

113 1948 494 2030 generatione
525 1948 844 2029 propagati.
887 1944 1200 2007 Generatio
1240 1958 1431 2008 autem
1451 1991 1468 2022 ,
1514 1966 1621 2028 per
1658 1945 1887 2007 Semen.
1928 1946 2083 2022 Quid
2110 1946 2317 2028 igitur.

114 2052 332 2115 Semon
349 2054 396 2115 7·
421 2056 798 2116 communiter
851 2054 934 2115 ita
968 2054 1142 2116 Stoici
1181 2052 1467 2114 definiunt
1507 2078 1525 2113 z
1573 2080 1601 2108 α
1618 2052 1789 2129 Quod
1822 2066 2024 2135 potens
2062 2052 2137 2112 sit
2174 2074 2287 2136 ge-

115 2182 330 2246 nerare
357 2162 494 2223 talin
513 2206 531 2237 ‚
561 2182 596 2221 a
625 2161 784 2245 quali
820 2172 889 2221 et·
915 2162 1104 2244 ipsum
1151 2172 1433 2221 secretum
1457 2161 1551 2220 sit.
1578 2186 1607 2213 ι»
1639 2158 1865 2242 (Laert.
1906 2162 1969 2219 in
2002 2160 2289 2242 Zenone.)

118 2271 198 2331 Id
228 2282 350 2343 est,
394 2269 550 2350 quod
578 2271 762 2353 gignit
792 2271 1000 2330 similia
1029 2270 1142 2329 illis
1160 2313 1177 2342 ,
1211 2291 1246 2328 a
1276 2269 1487 2352 quibus
1519 2269 1709 2349 ipsum
1738 2269 1997 2351 genitum
2031 2280 2088 2327 et
2115 2269 2290 2327 avul=-

118 2398 279 2437 sum.
325 2374 454 2434 Non
499 2387 600 2434 est·
635 2376 810 2457 igitur
841 2376 1029 2456 ipsum
1062 2372 1250 2434 simile
1277 2418 1296 2448 ‚
1342 2375 1456 2432 nisi
1469 2395 1481 2402 ·
1496 2374 1755 2454 potentia
1792 2396 1809 2431 =
1856 2385 1917 2434 et
1944 2373 2077 2433 ideo
2106 2373 2292 2454 Varro

122 2493 330 2566 argute
360 2480 582 2543 derivat
599 2524 618 2555 ,
652 2481 860 2542 Semen
878 2525 897 2556 ,
934 2479 1090 2561 quod
1119 2499 1236 2540 non
1271 2481 1445 2562 plane
1470 2479 1532 2540 id
1560 2479 1715 2563 quod
1738 2480 1875 2541 inde
1900 2505 1915 2540 ε
1941 2482 2104 2563 quasi
2136 2481 2289 2541 dieat

127 2615 165 2651 a
205 2590 365 2650 Semi
395 2589 644 2663 dictum,
687 2588 846 2669 quod
887 2585 1251 2668 aliquomodo
1283 2587 1400 2648 tale
1416 2631 1433 2662 ,
1478 2609 1597 2647 non
1641 2609 1896 2670 prorsus.
1944 2573 2068 2648 E'tsi
2110 2609 2247 2648 vera
2264 2634 2283 2663 ,

128 2708 274 2778 puto
293 2739 311 2770 ,
344 2695 626 2756 derivatio
654 2705 778 2754 erat
805 2717 837 2753 a
867 2693 1024 2765 Sero,
1056 2693 1222 2774 quasi
1237 2693 1523 2754 Ser-lmen.
1557 2692 1695 2753 Haee
1731 2693 1809 2754 de
1834 2693 1991 2754 omni
2019 2693 2249 2760 Semine
2270 2717 2288 2751 ε

134 2813 197 2862 at
225 2801 298 2862 de
324 2800 598 2860 Humano
627 2799 1019 2882 peculiariter,
1051 2799 1160 2858 ista
1185 2799 1248 2857 in
1279 2797 1547 2858 Zenoniis
1578 2799 1734 2858 scitis
1771 2821 1789 2857 z
1832 2825 1859 2853 α
1882 2799 2151 2860 Hominis
2184 2799 2291 2859 Se-

134 2931 306 2982 men‚
347 2907 504 2990 quod
539 2907 666 2989 ipse
698 2906 907 2967 emittit
926 2948 945 2977 ,
987 2925 1120 2965 eum
1167 2903 1427 2966 Humido
1472 2905 1700 2966 misceri
1738 2906 1958 2966 &nima
1992 2907 2251 2990 partibus
2270 2953 2287 2981 ,

139 3014 450 3088 seeundum
477 3013 818 3073 mixtionem
847 3011 1084 3071 rationis
1105 3012 1555 3094 progenitorum.
1583 3011 1728 3071 Esse
1752 3011 1813 3071 id
1836 3009 2191 3094 Chrysippus
2213 3012 2295 3072 ait

137 3121 407 3203 Spiritum
425 3163 442 3194 ,
473 3120 631 3202 quod
659 3119 736 3180 ad
767 3118 1106 3189 essentinm3
1132 3117 1310 3199 idque
1330 3138 1609 3199 apparere
1638 3139 1711 3178 ex
1739 3119 2053 3178 seminibus
2078 3119 2139 3178 in
2165 3130 2293 3179 ter-

143 3249 262 3289 ram
287 3228 450 3307 jactis
469 3270 487 3302 ‚
523 3249 650 3309 quae
677 3237 874 3302 vetera
905 3244 1018 3284 non
1040 3224 1286 3308 gignunt
1311 3249 1328 3284 z
1356 3222 1576 3284 scilieet
1598 3226 1884 3308 exspirata
1900 3227 2019 3306 jam
2038 3225 2135 3286 ma
2153 3229 2211 3286 vi
2234 3239 2291 3290 et

145 3334 424 3394 facultate.
456 3335 507 3392 A
535 3335 668 3394 totis
699 3332 1033 3414 corporibus
1063 3330 1126 3391 id
1155 3329 1415 3392 defluere
1447 3330 1710 3413 Sphaeru‘s
1744 3331 1885 3394 dicit
1909 3357 1926 3392 z
1958 3331 2208 3417 ideoque
2236 3351 2321 3400 et-,.

145 3464 334 3503 omnes
362 3443 614 3524 eorporis
643 3453 834 3523 partes
861 3441 1121 3524 gignere.
1153 3437 1416 3499 Mulieris
1442 3449 1633 3498 autem
1660 3461 1857 3500 semen
1894 3434 2319 3521 infueeun'dum⁴

149 3571 268 3612 esse
282 3595 299 3626 ,
329 3561 396 3610 nt
419 3561 556 3630 pote
583 3547 800 3629 Spiritu
840 3569 958 3606 non
1001 3549 1321 3620 intensum,
1365 3557 1422 3606 et
1454 3545 1744 3609 modicum
1787 3549 1923 3609 item
1943 3594 1961 3625 ,
2004 3563 2063 3611 et
2103 3574 2290 3634 aquo-

150 3681 289 3718 sum.
313 3683 341 3710 ι»
375 3654 630 3737 (Luem,
669 3653 782 3737 ih.)
813 3655 950 3714 Haec
991 3655 1164 3715 Stoici
1204 3655 1455 3718 breviter
1480 3677 1498 3715 z
1526 3654 1893 3719 illustremus.
1930 3634 2063 3733 Ait,
2100 3686 2129 3714 κ
2156 3683 2289 3738 cum

149 3763 396 3826 Humido
426 3763 670 3822 mixtum
700 3759 916 3819 Animae
945 3761 1202 3841 partibus
1231 3783 1377 3822 esse.
1408 3787 1436 3816 ιο
1470 3760 1827 3823 Omnibusne
1856 3764 2071 3824 Animae
2100 3767 2290 3846 parti-

153 3871 290 3933 bus?
319 3892 434 3930 non
470 3871 708 3952 opinor,
745 3887 819 3927 ex
850 3879 1174 3927 nostrornm
1203 3889 1376 3930 sensu
1409 3891 1427 3927 ε
1458 3891 1576 3930 non
1618 3883 1773 3930 certe
1804 3871 2129 3946 Rationali‚
2162 3883 2290 3954 ‘quoe

156 3989 336 4059 postea
350 4019 368 4051 ,
393 3988 451 4035 et
469 3973 724 4049 aliunde,
749 3973 988 4034 aceedit.
1018 3973 1160 4034 Mox
1181 3975 1525 4036 videbimus.
1554 3973 1668 4035 Sed
1688 3975 1861 4036 Stoici
1880 3989 2070 4058 partes
2089 3979 2289 4040 nnimae

157 4095 274 4144 octo
296 4082 512 4144 faciunt
542 4104 558 4141 ε
590 4082 838 4163 reliquas
869 4079 1006 4141 lieet
1029 4078 1244 4142 Semini
1261 4081 1491 4144 inseras
1512 4125 1529 4160 ‚
1565 4081 1673 4144 hac
1708 4097 1966 4169 excepta.
2016 4113 2043 4141 «ι
2069 4083 2330 4160 Setun-7:
