2667 4475
451 222 938 300 PHYSIOL.
993 228 1493 300 s'rmcon.
1542 228 1739 303 ms.
1789 234 1893 302 11.
2102 240 2233 335 ⁵73
2284 196 2289 204 ’

81 373 408 433 Materiam
435 373 708 454 praeberet
722 414 742 447 ,
765 369 844 432 ad
865 390 1058 433 rerum
1084 369 1359 455 deinceps
1377 374 1823 455 generationem.
1850 374 2075 437 Deinde
2096 398 2237 459 pm-

81 480 366 562 genuisse
393 480 640 561 primum
672 476 969 539 Elementa
1012 489 1254 558 quatuor
1269 520 1288 552 ,
1317 478 1512 561 ignem
1534 522 1553 554 ,
1586 501 1793 561 aquam
1815 524 1833 557 ,
1871 502 2090 558 aerem,
2112 494 2237 545 ten-

81 610 237 645 ram.
273 612 303 637 »ι
353 585 489 659 Ait,
528 585 591 645 ἰη
613 583 892 665 principio
923 607 942 643 e
975 578 1116 665 ipsis
1150 572 1447 645 Sacrorum
1479 599 1799 647 nostrorum
1832 588 2041 651 verbis.
2082 589 2179 651 Ait
2204 634 2223 665 ,

81 713 258 773 quum
291 689 456 770 apud
483 710 546 751 se
577 699 737 749 esset.
783 687 884 748 Pie
928 701 986 749 et
1029 688 1287 771 pulchre.
1330 690 1487 751 Deus
1529 713 1633 752 sua
1670 690 1943 775 perfectio
1966 734 1985 770 ,
2026 694 2191 756 sedes
2212 738 2235 771 ‚

81 814 340 878 regnum
369 817 388 855 =

421 898 516 951 Cui
538 916 639 951 ease
656 898 752 951 sibi
773 896 949 951 sufficit
964 934 982 962 ,
1007 898 1248 968 efficitque
1268 906 1443 951 cuncta
1468 919 1483 950 ι

81 1028 142 1077 at
163 1016 262 1077 vir
281 1036 539 1075 summus
561 1016 740 1077 nostri
763 1016 866 1076 aevi
879 1014 940 1098 (J
942 1015 1023 1075 ul.
1043 1012 1222 1098 Scal.)
1237 1059 1258 1091 ,
1276 1016 1337 1075 in
1352 1016 1616 1077 Carmine
1635 1038 1810 1100 super
1824 1018 1953 1079 Deo
1969 1022 2235 1103 scripsit,

81 1123 260 1203 plane
301 1122 519 1183 divino.
551 1122 708 1182 Deus
734 1123 844 1182 sibi
866 1164 886 1198 ,
911 1133 969 1183 et
998 1143 1164 1182 suum
1189 1122 1244 1181 ei
1271 1142 1426 1197 esse,
1458 1122 1667 1183 sufficit
1688 1146 1706 1182 ε
1743 1124 1983 1207 quidni?
2011 1127 2072 1186 in
2109 1129 2239 1209 ipso

81 1234 278 1293 amnia
295 1276 314 1307 ,
337 1234 464 1315 ipse
487 1233 698 1293 omnia.
723 1231 928 1317 Itaque
957 1231 1164 1293 frustra
1182 1276 1199 1307 ,
1225 1244 1283 1292 et
1301 1254 1407 1313 pro
1438 1230 1685 1293 humana
1704 1234 2089 1297 imbecillitate
2113 1238 2233 1297 istae

81 1340 426 1421 quaestiones
443 1382 462 1415 ,
493 1338 650 1415 Quid
678 1338 957 1414 faciebat,
977 1339 1226 1423 agitabat
1245 1338 1270 1399 ’.Ρ
1291 1338 1405 1401 Vel
1423 1340 1639 1401 Seneca
1667 1353 1860 1401 noster
1890 1342 2231 1422 respondeat

81 1445 314 1527 [Epist.
348 1442 450 1527 ιι)
483 1468 501 1503 =
538 1472 566 1499 ιι
597 1444 825 1527 Jupiter
853 1445 1100 1505 resoluto
1129 1442 1345 1505 mundo
1370 1488 1387 1519 ,
1419 1456 1476 1503 et
1507 1442 1615 1504 diis
1638 1444 1698 1504 in
1721 1467 1902 1505 unum
1936 1444 2183 1506 confusis
2206 1492 2227 1523 ,

81 1552 374 1633 paulisper
397 1563 651 1613 cessante
675 1550 889 1612 Natura
911 1595 929 1623 ‚
972 1551 1282 1631 acquiescit
1306 1550 1417 1609 sibi
1443 1593 1461 1623 ‚
1496 1549 1928 1632 cogitationibus
1963 1552 2081 1611 suis
2106 1562 2230 1611 tra—

81 1660 254 1719 iitus.
291 1685 321 1712 n
357 1658 624 1741 Optimc;
654 1661 741 1719 vis
789 1672 848 1721 et
878 1680 984 1741 ego
1036 1658 1253 1741 aliquid
1291 1657 1582 1733 audacter,
1623 1657 1744 1719 sive
1784 1671 1983 1741 argute
2003 1658 2034 1717 ἲ
2061 1658 2223 1719 Idem

81 1766 238 1848 {uod
268 1787 422 1827 nunc
447 1764 584 1827 facit
608 1809 628 1843 ,
659 1766 814 1827 fecit.
842 1765 1016 1827 Erras
1037 1810 1058 1843 ,
1080 1766 1266 1849 quiin
1283 1766 1407 1825 Deo
1430 1778 1686 1847 tempora
1711 1765 1967 1849 disparas
1988 1810 2007 1841 ,
2030 1766 2223 1829 onmia

81 1874 126 1931 εἰ
162 1885 300 1935 sunt
323 1874 384 1934 in
411 1854 691 1956 prasenti.
725 1873 899 1935 Poeta
921 1873 1275 1934 Christianus
1297 1873 1433 1933 olim
1458 1915 1476 1947 ,
1503 1872 1773 1933 Claudius
1792 1873 1994 1935 Victor
2018 1898 2037 1932 ε

405 1990 750 2059 Regnabatque
770 1990 1020 2059 potensin
1039 1990 1294 2055 majestate
1317 1986 1513 2038 creandi
1529 2024 1545 2051 ,

399 2080 467 2129 Et
491 2078 714 2130 facienda
732 2078 904 2131 videns
915 2115 931 2143 ,
951 2078 1292 2147 gignendaque
1311 2084 1474 2127 mente
1498 2079 1663 2147 capaci

401 2170 588 2221 Saecula
611 2170 873 2240 dispiciens
900 2188 914 2218 ε
944 2174 996 2219 et
1017 2168 1262 2238 quidquid
1287 2174 1507 2238 tempora
1534 2168 1739 2218 volvunt
1754 2203 1771 2229 ,

403 2263 613 2310 Praesens
629 2277 817 2328 semper
834 2260 1052 2320 habens3
1077 2262 1373 2310 immensum
1394 2257 1523 2307 mole
1544 2257 1685 2306 beata

397 2352 623 2414 Regnum
643 2355 747 2398 erat
762 2349 864 2416 ipse
887 2365 1046 2396 suum.

81 2453 162 2512 &n
192 2450 388 2508 deerat
421 2448 718 2528 occupatio
737 2487 754 2522 ,
782 2446 900 2505 haec
921 2467 1045 2528 quae
1086 2443 1247 2506 fuere
1271 2488 1289 2519 ,
1333 2466 1459 2526 quae
1489 2456 1623 2503 sunt
1645 2485 1663 2517 ,
1707 2456 1919 2526 etquae
1958 2445 2167 2507 instant
2186 2491 2205 2523 ‚

81 2553 518 2638 :cntemplanti?
549 2553 741 2635 Pergit
783 2549 1040 2611 Laertius
1062 2595 1079 2625 ,
1129 2550 1450 2611 Essentiam
1490 2571 1709 2610 omnem
1748 2552 1988 2612 certasse.
2032 2552 2091 2612 si
2134 2555 2208 2614 de

81 2664 258 2726 >rimo
277 2662 506 2722 conditu
538 2657 802 2741 intelligit
821 2701 839 2732 ‚
861 2657 1162 2717 Materiam
1185 2678 1325 2739 cape
1357 2679 1375 2715 ε
1410 2659 1500 2716 sin
1523 2655 1597 2716 de
1622 2659 1976 2738 reparatione
1996 2659 2203 2723 Mundi

81 2743 203 2850 eost
248 2768 604 2828 exustionem
625 2809 644 2842 ‚
677 2784 821 2847 cape
857 2763 1055 2846 Ignem
1089 2763 1373 2846 reliquum
1414 2775 1472 2822 et
1510 2763 1570 2821 in
1612 2783 1679 2822 eo
1718 2764 1936 2823 semina
1983 2787 2195 2827 rerum.

81 2877 190 2936 Per
205 2872 428 2934 Aerem.
452 2871 605 2956 Ergo
637 2871 732 2931 vel
750 2869 994 2932 Materia
1017 2914 1035 2946 ‚
1056 2870 1149 2929 vel
1168 2869 1317 2952 ignis
1339 2869 1434 2930 ille
1455 2869 1707 2951 reliquus
1730 2913 1748 2946 ,
1781 2871 1929 2931 Aere
1952 2875 2194 2934 tenuior.

81 2979 151 3040 Et
181 2981 258 3038 ita
282 2991 367 3040 est
390 3002 406 3051 3
445 2980 715 3061 quoniam
741 2975 1041 3036 tradebant
1067 2975 1238 3036 Stoici
1273 2974 1516 3035 diffundi
1536 3019 1553 3050 ,
1598 2975 1691 3034 vel
1720 2987 1900 3036 totum
1936 2977 2198 3038 Vacuum

82 3085 216 3146 ‚llud
239 3107 534 3167 occupare.
574 3079 938 3144 Coun-abitur
976 3083 1150 3164 igitur
1183 3080 1282 3140 sed
1313 3080 1592 3164 gradatim
1617 3125 1635 3155 ‚
1678 3095 1734 3142 et
1750 3083 1956 3143 habilis
1978 3085 2042 3143 fit
2064 3107 2199 3144 cor-

81 3213 270 3276 porum
289 3192 656 3274 generationi.
701 3190 892 3250 Primo
927 3201 1115 3248 autem
1138 3189 1200 3246 in
1235 3187 1445 3247 Aerem
1465 3231 1483 3262 ‚
1514 3189 1645 3270 quia
1675 3187 1939 3250 facillima
1965 3211 2030 3250 ea
2058 3212 2199 3250 mu-

81 3303 208 3362 :atio
238 3301 306 3360 ab
338 3300 500 3382 Igne.
531 3296 756 3357 Deinde
785 3339 802 3370 ,
832 3297 909 3354 ait
932 3339 948 3368 ‚
978 3292 1054 3354 In
1092 3291 1340 3376 Aquam.
1374 3293 1512 3353 Haec
1544 3295 1717 3376 igitur
1743 3298 2001 3376 proxima
2024 3295 2195 3356 facies

81 3407 312 3468 Materiae
335 3448 352 3480 ‚
378 3426 556 3487 quum
577 3404 856 3462 elementa
878 3402 1088 3482 genita.
1119 3398 1260 3459 Ideo
1286 3411 1449 3459 vetus
1478 3401 1670 3481 opinio
1692 3445 1709 3476 ,
1739 3427 1768 3455 «
1792 3401 2017 3483 Aquam
2040 3403 2193 3484 prin.

81 3513 278 3593 :ipium
297 3532 485 3572 rerum
509 3529 630 3568 esse
654 3535 684 3561 ι»
708 3551 726 3582 ,
746 3505 970 3566 Thaleti
999 3505 1302 3588 adscripta.
1337 3503 1493 3581 Quid
1512 3504 1777 3568 Thaleti?
1796 3507 2038 3569 Homeri
2062 3520 2193 3568 ante

81 3619 226 3678 illum
255 3617 358 3678 fuit
380 3661 396 3692 ,
440 3613 597 3698 apud
629 3635 800 3695 quem
830 3615 985 3696 legas
1013 3609 1220 3695 (Iliad.
1257 3609 1331 3694 ξ)
1358 3636 1374 3670 =

823 3772 838 3786 .
857 3771 872 3785 .
893 3772 906 3786 .
925 3772 938 3785 .
955 3770 970 3784 .
989 3771 1005 3786 .
1031 3735 1262 3802 ποταμοῖο
1287 3735 1449 3806 ῥέεθρα

379 3818 589 3884 ὠκεανοῦ
611 3868 626 3898 ,
654 3829 804 3897 ὅσπερ
827 3827 995 3892 γένεσις
1021 3826 1240 3878 πάντεσσι
1267 3826 1490 3878 τέτυκται·

812 3960 995 3979 ......
1023 3921 1228 3974 flumina
1249 3925 1415 3990 magni

386 4018 568 4068 Oceani
588 4053 604 4080 ‚
630 4017 819 4068 cunctis
838 4017 926 4085 qni
948 4014 1092 4067 rebus
1111 4013 1316 4084 prebuit
1340 4017 1519 4065 ortum.
