2667 4475
404 341 533 425 402
738 320 749 337 “
1126 332 1813 403 FRAGMENTA

401 468 727 537 divinitus
752 479 1069 560 ageretur
1088 512 1111 549 ,
1146 464 1494 554 ignorans.
1531 462 1840 553 Subjecit
1861 464 2066 557 plane
2093 469 2538 551 sententiam,

400 609 535 679 qua
583 583 1007 677 significaret
1030 630 1051 659 ‚
1104 578 1275 670 quid
1317 577 1590 646 illorum
1651 594 2225 649 sacramentorum
2281 584 2546 651 ratione

398 703 703 771 sentiret.
737 700 853 769 Ait
877 699 1061 767 enim
1096 724 1111 763 ι
1150 695 1311 763 «Illi
1341 712 1566 763 tamen
1595 716 1828 762 causas
1851 697 2024 765 ritus
2038 699 2144 766 sui
2175 716 2542 781 noverunt,

399 834 469 889 et
500 818 719 910 major
749 840 909 911 pars
936 813 1176 908 populi
1210 812 1410 898 facit,
1453 810 1643 904 quod
1671 834 1798 879 cur
1823 812 2064 896 faciat,
2099 815 2404 906 ignorat.
2445 843 2480 879 u

968 1002 1247 1055 Scnwron
1274 1000 1391 1053 vitoe
1417 1000 1478 1053 P.
1501 998 1711 1071 Virgilii
1733 998 1976 1051 Maronis.

496 1164 583 1257 37
602 1214 617 1231 .
640 1164 898 1233 Seneca
926 1158 1243 1240 tradidit,
1270 1159 1530 1226 anuum
1555 1162 1954 1227 Montanum
1981 1174 2252 1251 poetam
2271 1160 2544 1229 solitum

396 1279 627 1349 dicere
652 1330 671 1361 ,
726 1278 1181 1347 involaturum
1234 1300 1305 1345 se
1330 1274 1652 1369 qnaedam
1697 1275 1989 1369 Virgilio
2023 1326 2040 1357 ‚
2085 1278 2142 1344 si
2190 1292 2261 1344 et
2307 1302 2544 1346 vocem

392 1411 621 1487 posset
641 1445 659 1477 ‚
700 1410 771 1462 et
800 1416 877 1462 os
898 1442 917 1475 ,
959 1408 1029 1462 et
1072 1390 1514 1485 hypocrisin3
1557 1387 1830 1459 eosdem
1877 1392 2058 1457 euim
2111 1414 2356 1459 versus
2383 1442 2408 1477 ,
2465 1414 2546 1459 eo

392 1509 881 1603 pronuntiante
904 1556 925 1591 ,
964 1507 1141 1575 bene
1192 1528 1478 1590 sonare3
1527 1506 1674 1573 sine
1720 1504 1837 1571 illo
1863 1552 1882 1586 ‚
1928 1504 2316 1573 inarescere
2351 1507 2544 1597 quasi

396 1640 613 1693 mutos
622 1676 637 1691 .

1120 1740 1360 1794 Senvms
1379 1778 1395 1801 ,
1421 1740 1476 1791 in
1499 1740 1576 1791 VI
1605 1739 1814 1792 AEneid.

495 1890 612 1959 38.
645 1890 903 1958 Seneca
930 1889 1203 1980 scripsit
1230 1886 1317 1955 de
1346 1888 1482 1953 situ
1501 1901 1570 1953 et
1591 1888 1798 1955 sacris
1824 1891 1840 1921 ¹
1871 1886 2352 1981 AEgyptiorum
2379 1916 2402 1973 3
2435 1888 2548 1954 hic

394 2004 566 2075 dicit
590 2056 610 2089 ,
650 2031 685 2069 «
720 2006 901 2071 circa
934 2002 1205 2072 Sienem
1245 2019 1607 2071 extremam
1636 2003 1913 2095 AEgypti
1952 2016 2212 2095 partem
2256 2027 2414 2070 esse
2448 2002 2547 2069 lo-

396 2148 551 2192 cum
578 2171 599 2205 ‚
635 2142 838 2211 quem
865 2118 1137 2201 Philas,
1178 2117 1311 2187 hoc
1346 2133 1448 2187 est
1467 2168 1489 2203 ‚
1541 2118 1808 2187 Amicas
1835 2134 2120 2201 vocant,
2167 2118 2324 2187 ideo
2361 2120 2550 2212 quod

394 2241 538 2309 illic
564 2255 667 2307 est
690 2239 951 2331 placata
970 2234 1058 2305 ab
1073 2237 1413 2330 AEgyptiis
1439 2235 1588 2320 Isis,
1611 2234 1861 2330 quibus
1884 2234 2330 2318 irascebatur,
2357 2237 2550 2329 quod

396 2357 699 2426 membra
727 2355 948 2423 mariti
978 2351 1271 2422 Osiridis
1300 2377 1442 2420 non
1471 2351 1900 2438 inveniebat,
1931 2377 2132 2445 quem
2161 2351 2378 2421 frater
2407 2355 2553 2447 Ty-

390 2475 582 2569 phon
609 2472 972 2541 occiderat.
1008 2471 1183 2562 Quae
1210 2473 1484 2538 inventa
1502 2447 1733 2562 postca
1761 2494 1969 2563 quum
1993 2470 2286 2564 sepelire
2307 2471 2548 2554 vellet,

396 2589 591 2684 eligit
629 2589 867 2658 vicinae
905 2585 1173 2682 paludis
1201 2585 1610 2654 tutissimum
1639 2585 1860 2654 locum
1883 2637 1900 2668 ‚
1943 2612 2144 2679 quem
2173 2584 2265 2654 ad
2299 2591 2554 2658 transi-

400 2719 543 2772 tum
582 2716 844 2770 constat
872 2724 1019 2770 esse
1063 2697 1453 2784 difficilem3
1503 2700 1740 2790 limosa
1787 2702 1966 2769 enim
2005 2717 2106 2769 est
2153 2716 2222 2769 et
2266 2705 2556 2796 papyris

398 2821 673 2890 referta.
724 2846 757 2882 ³>

1028 2931 1171 2985 Idem
1200 2933 1439 2987 Sssnvms
1461 2965 1479 2998 ,
1507 2933 1563 2986 in
1595 2935 1670 2985 lx
1695 2933 1909 2987 AEneid.

508 3073 625 3164 39.
662 3075 936 3165 Ganges
958 3070 1206 3138 fluvius
1231 3069 1447 3138 Indiae
1476 3088 1611 3155 est,
1647 3075 1766 3164 qui
1793 3072 2164 3141 secundum
2191 3075 2552 3156 Senecam,

406 3194 483 3259 in
498 3193 633 3258 situ
658 3190 897 3273 Indiae,
940 3216 971 3252 «
999 3212 1241 3258 novem
1259 3189 1473 3256 alveis
1500 3190 1681 3276 fluit,
1697 3217 1730 3255 »ι
1755 3190 2124 3260 secundum
2157 3197 2184 3226 ²
2206 3193 2554 3263 Melonem

407 3323 667 3399 septem
696 3307 854 3397 :qui
883 3320 1107 3372 tamen
1133 3319 1203 3372 et
1230 3305 1374 3397 ipse
1393 3322 1870 3374 commemorat
1895 3307 2264 3376 nonnullos
2292 3308 2550 3393 dicere,

412 3423 599 3516 quod
626 3423 847 3490 tribus
870 3422 1081 3492 alveis
1106 3421 1296 3489 fluat.

412 3691 717 3750 Rutiliana<
654 3713 666 3726 ·
692 3697 916 3764 «Atque
937 3695 1132 3747 utinam
1169 3713 1433 3764 nunquam
1532 3697 1664 3750 xime
1677 3697 1919 3772 intelligi:
1935 3699 2062 3752 sieut
2076 3712 2126 3751 et
2142 3699 2197 3752 in
2211 3699 2452 3755 Seneca
2433 3722 2556 3775 ipso.

411 3775 593 3828 Judoea
604 3773 806 3827 subacta
822 3773 1011 3836 suisset,
1026 3770 1430 3844 Pompeiibellis‚
1603 3793 1645 3827 ι.
1678 3775 1765 3829 De
1792 3778 1902 3829 situ
1925 3787 1978 3830 et
1998 3781 2179 3830 sacris.
2209 3779 2298 3830 An
2327 3793 2382 3831 et
2405 3781 2560 3852 ipsam

414 3852 732 3924 imperioque
752 3850 879 3904 Titi!
902 3849 1073 3902 Latius
1096 3846 1271 3904 excisa
1284 3849 1436 3922 pestis
1535 3853 1822 3928 AEgyptnm
1837 3873 1960 3926 ergo
1977 3852 2280 3926 descripsit?
2295 3855 2405 3908 nisi
2421 3857 2560 3926 legis,

414 3929 649 4001 contagia
674 3940 917 4002 serpunt,
956 3926 1283 3998 Victoresque
1317 3947 1436 3980 suos
1535 3929 1936 3983 deritmTamen
1949 3931 2174 3984 etstatim
2187 3931 2384 4004 ,Ἧι-33
2401 3931 2564 4007 proxi·

415 4008 556 4062 natio
580 4008 712 4060 victe
744 4006 985 4080 premit.»
1023 4004 1125 4058 Ubi
1147 4007 1239 4060 etsi
1268 4007 1436 4061 Judoei
1535 4027 1651 4075 mo,
1679 4010 1742 4062 de
1765 4013 1874 4062 situ
1899 4009 2092 4064 Indioe.

416 4087 770 4154 nominantur,
787 4097 979 4140 eertum
998 4083 1311 4140 Christianos
1330 4103 1437 4138 ma·
1599 4105 1646 4140 π.
1649 4087 1926 4140 MeIonem.
1942 4087 2268 4160 suspicamur
2283 4088 2563 4163 legendum
