2667 4475
300 1033 354 1080 Ι7

415 301 501 363 50
987 293 1069 360 L.
1121 290 1480 359 ANNAEI
1528 290 1954 361 SENECAE

409 426 648 509 bibus,
693 423 880 516 quod
907 423 994 491 de
1029 418 1301 491 urbium
1337 422 1578 491 incolis
1614 422 1810 507 dico;
1844 439 1979 491 tam
2014 422 2239 492 Ardea
2265 430 2281 459 ¹
2316 442 2499 517 capta
2522 476 2539 505 ‚

409 563 611 633 quam
647 542 860 607 Roma
885 552 1016 607 eat.
1047 535 1383 605 Conditor
1410 536 1527 605 ille
1540 537 1720 629 juris
1742 536 2025 607 humani
2052 560 2191 605 non
2218 538 2545 607 natalibus

409 678 533 723 noa
555 704 574 737 ,
615 678 742 723 uec
777 654 1128 722 nominum
1157 652 1465 721 claritate
1486 702 1507 735 ,
1548 650 1899 739 distinxit,
1932 654 2065 721 nisi
2099 651 2265 723 dum
2298 677 2537 723 sumus.

409 770 543 840 Ubi
579 794 744 839 vero
789 767 878 837 ad
925 769 1132 838 finem
1181 768 1569 837 mortalium
1609 782 1889 837 ventum
1928 784 2032 837 est
2076 795 2090 833 :
2138 795 2169 835 α
2218 769 2499 839 Discede
2518 820 2539 851 ,

411 888 670 979 inquit,
695 881 1009 955 ambitio!
1041 886 1345 953 omnium
1364 934 1383 965 ‚
1416 907 1569 977 quae
1602 900 1853 951 terram
1880 900 2238 977 premunt,
2272 886 2545 975 siremps

408 1002 515 1070 lex
539 1018 683 1071 esto
705 1008 760 1073 ².
775 1030 810 1067 ι)
833 1001 941 1070 Ad
967 1002 1196 1069 omnia
1228 998 1549 1093 patienda
1574 1023 1773 1092 pares
1804 1024 2035 1071 sumus
2068 1025 2085 1069 ε
2118 1026 2321 1071 nemo
2344 1002 2543 1069 altero

409 1116 720 1211 fragilior
755 1130 892 1200 eat,
923 1138 1123 1185 nemo
1163 1116 1235 1183 in
1262 1116 1633 1183 crastinum
1674 1116 1779 1183 aui
1819 1118 2094 1186 certior.
2142 1111 2547 1187 ³Alcxander

405 1232 856 1303 Macedonum
911 1256 1032 1301 rex
1077 1229 1347 1299 discere
1394 1231 1839 1323 geometriam
1884 1248 2221 1326 coeperat3
2278 1231 2535 1303 infelix!

407 1350 699 1417 sciturus
735 1370 940 1439 quam
975 1344 1222 1439 pusilla
1261 1360 1447 1413 terra
1478 1362 1693 1429 esset,
1736 1371 1817 1415 ex
1852 1372 1991 1439 qua
2040 1349 2397 1417 minimum
2434 1374 2541 1417 oc-

405 1478 771 1559 cupaverat
817 1491 833 1533 ι
873 1466 968 1533 ita
1003 1462 1191 1546 dico,
1233 1463 1517 1554 infelix,
1572 1462 1661 1533 ob
1712 1464 1843 1531 boc
1863 1514 1882 1547 ,
1940 1463 2128 1556 quod
2170 1466 2545 1559 intelligere

403 1581 700 1651 debebat
735 1578 974 1653 falsum
997 1604 1070 1649 ae
1105 1602 1349 1673 gerere
1380 1602 1803 1673 cognomen3
1834 1581 1991 1672 quis
2018 1580 2203 1649 enim
2236 1604 2384 1649 ease
2416 1604 2545 1649 ma-

409 1721 586 1791 gnus
608 1698 685 1764 in
712 1696 963 1790 pusillo
996 1696 1264 1788 potest?
1290 1698 1503 1789 Erant
1530 1694 1647 1763 illa
1678 1716 1833 1786 quoe
1860 1693 2310 1765 tradebantur
2326 1744 2347 1778 ‚
2384 1694 2547 1763 sub-
2594 1726 2603 1735 ·

405 1815 587 1895 tilia,
619 1832 688 1883 et
711 1812 1030 1906 diligenti
1059 1812 1435 1880 intentione
1462 1808 1829 1881 discenda:
1863 1835 2003 1878 non
2028 1834 2181 1903 quae
2199 1814 2547 1906 percipere

406 1944 634 2021 poaaet
657 1950 946 1997 vesanus
976 1926 1181 1995 homo
1198 1975 1218 2008 ‚
1261 1940 1333 1995 et
1365 1942 1555 1995 traua
1578 1950 1907 1995 oceanum
1932 1926 2379 2020 cogitationes
2404 1950 2549 1995 suas

409 2046 712 2113 mittens.

517 2188 550 2225 «
595 2156 892 2240 Facilia,
955 2158 1214 2248 inquit,
1273 2180 1381 2225 me
1434 2154 1637 2227 doce!
1662 2174 1668 2181 ·
1694 2186 1725 2221 »
1782 2196 1878 2213 ——
1928 2160 2063 2229 Cui
2114 2174 2490 2254 praeceptor
2531 2186 2544 2223 ι

415 2304 450 2340 «
493 2279 663 2361 Ista,
703 2275 928 2366 inquit
946 2323 967 2356 ‚
1011 2273 1325 2342 omnibus
1370 2271 1609 2342 eadem
1658 2289 1850 2355 aunt,
1896 2297 2093 2368 oeque
2140 2274 2477 2344 difficilia.
2516 2303 2545 2336 ι»

407 2431 504 2446 -
533 2395 678 2460 Hoc
710 2403 872 2484 puta
910 2413 1142 2460 rerum
1175 2393 1503 2460 Naturam
1540 2388 1771 2460 dicere
1821 2417 1838 2460 z
1894 2419 1927 2454 «
1978 2393 2148 2474 Ista,
2189 2389 2275 2458 de
2310 2389 2551 2482 quibus

411 2504 762 2596 quereris,
806 2502 1122 2572 omnibus
1151 2502 1389 2572 eadem
1418 2519 1613 2588 sunt3
1652 2503 1824 2571 nulli
1862 2503 2010 2571 dari
2052 2503 2359 2571 faciliora
2394 2525 2549 2596 pos-

412 2638 566 2690 sunt
595 2648 608 2687 :
644 2620 764 2688 scd
783 2671 804 2702 ,
839 2622 1152 2712 quiaquia
1177 2622 1401 2704 volet,
1435 2621 1567 2691 sibi
1596 2623 1728 2716 ipsi
1754 2621 1869 2690 illa
1892 2619 2131 2688 reddet
2162 2620 2489 2690 faciliora.
2518 2647 2545 2680 n

413 2734 824 2832 Quomodo?
847 2737 1398 2830 AEquanimitate.
1433 2743 1519 2806 Et
1550 2738 1778 2808 doleas
1806 2754 2074 2831 oportet
2091 2789 2109 2820 ‚
2146 2754 2215 2806 et
2243 2740 2429 2807 sitias
2446 2789 2463 2820 ‚
2494 2753 2553 2804 et

485 2975 530 3008 ι.
554 2951 756 3008 Ardea.
777 2951 974 3006 Pusilla
991 2948 1138 3018 urbs,
1153 2966 1436 3026 comparata

415 3052 531 3086 eum
553 3031 720 3084 Roma
735 3066 751 3095 ,
781 3029 865 3082 eui
885 3041 995 3082 urat
1015 3029 1201 3082 vicina.
1225 3029 1301 3082 Cf.
1325 3029 1437 3084 Liv.

423 3129 442 3161 ι
466 3147 482 3174 ,
515 3110 596 3177 57.
621 3107 770 3180 Virg.
794 3107 923 3160 AEn.
945 3105 1078 3172 vll,
1103 3107 1200 3171 4¹²
1229 3118 1335 3162 not.
1363 3104 1435 3157 R.

485 3207 530 3238 2.
564 3185 801 3254 Simmps
821 3189 916 3240 lex·
937 3193 1064 3238 esto.
1085 3185 1163 3238 Ex
1185 3203 1282 3238 em.
1303 3185 1439 3238 Mu·-

419 3266 528 3318 reti.
559 3266 620 3317 In
655 3263 796 3318 libris
833 3277 971 3318 erat:
995 3265 1110 3318 Sem
1133 3268 1286 3320 miles
1315 3274 1438 3318 esto.

417 3343 794 3415 Vulgaverant:
816 3345 1016 3396 similes
1037 3353 1143 3396 esto
1165 3342 1246 3395 vel
1263 3361 1439 3396 servus

418 3421 568 3473 miles
590 3440 632 3474 e.
655 3421 1139 3490 Ruhk.--Siremps
1158 3432 1302 3475 vetus
1325 3440 1441 3474 ver-

419 3498 541 3550 bum
568 3499 622 3551 in
646 3498 844 3572 legibus
869 3513 1168 3569 senatusque
1197 3498 1439 3552 consultis

421 3573 654 3626 usitatum
679 3593 694 3627 ς
715 3589 788 3628 est
809 3588 975 3630 autem
1001 3577 1136 3628 idem
1155 3616 1170 3642 ‚
1199 3595 1256 3630 ac
1281 3576 1326 3628 si
1352 3576 1441 3630 di·-

421 3665 553 3706 earet
571 3652 753 3707 similis
770 3653 850 3708 lex
867 3653 1103 3708 omuibus
1125 3654 1284 3728 posita
1319 3667 1439 3706 esto.

421 3731 570 3784 Hanc
595 3731 1000 3786 emendationem
1026 3731 1268 3786 debemus
1293 3751 1441 3783 sum-

419 3826 504 3862 mo
526 3809 721 3862 Jacobo
747 3809 974 3877 Cuiaeio.
995 3810 1252 3864 Muretus.

483 3887 530 3940 3.
571 3887 902 3940 Akkrander.
942 3886 1072 3956 Quoe
1112 3887 1174 3940 de
1215 3886 1434 3940 Alexan-

418 3969 512 4021 dro
541 3967 617 4020 M.
655 3967 738 4020 hic
773 3979 1063 4032 narrantur,
1095 3967 1238 4020 nullo
1265 3965 1435 4028 histo-

417 4047 502 4100 rim
527 4045 814 4100 testimonio
836 4045 1048 4100 subnixa
1075 4059 1218 4114 sunt,
1245 4047 1328 4099 sed
1352 4067 1435 4117 pai

1534 2955 1625 3008 sita
1660 2975 1689 3008 e
1720 2953 2173 3008 declamationibus
2189 2991 2205 3020 ,
2240 2954 2425 3026 quibus
2464 2953 2553 3006 boe

1538 3032 1846 3103 propositum
1864 3044 1969 3086 erat
1983 3069 1999 3098 ,
2022 3031 2255 3086 libertate
2268 3032 2461 3086 sublata
2472 3071 2487 3100 ,
2505 3043 2557 3084 ut

1534 3107 1665 3164 fietis
1688 3111 2003 3184 argumentis
2037 3112 2098 3164 in
2128 3110 2397 3175 suasoriis,
2428 3129 2555 3162 eoa-

1532 3189 1789 3244 troversiis
1812 3202 1905 3244 ete.
1930 3201 2191 3244 uterentur
2213 3189 2281 3242 ad
2304 3189 2553 3260 eloquen-

1534 3267 1659 3320 tiam
1692 3267 2019 3322 umbratilem
2058 3267 2391 3322 excolendam
2406 3305 2421 3330 ,
2468 3267 2552 3318 do-

1538 3344 1751 3398 cendam
1776 3385 1791 3412 ,
1848 3345 2164 3400 discendam.
2208 3345 2401 3398 Verum
2450 3357 2519 3398 est
2540 3379 2557 3406 ,

1536 3424 1883 3478 Alexandrum
1918 3443 2159 3498 puerum,
2204 3443 2315 3478 non
2356 3442 2523 3496 regem
2542 3461 2557 3481 ‚

1536 3504 1777 3576 magistro
1802 3501 2070 3556 Aristotele
2104 3502 2453 3556 Geometriam
2480 3499 2555 3552 di·-

1538 3580 1743 3644 dicisse,
1772 3591 1822 3632 et
1844 3580 2011 3634 Persis
2042 3591 2213 3652 postea
2237 3579 2449 3634 devictis
2474 3599 2553 3634 cu-

1536 3657 1715 3730 pidum
1741 3657 1893 3710 fuisse
1918 3656 2119 3710 visendi
2144 3655 2429 3708 Oceanum.
2450 3656 2553 3706 Re-

1536 3735 1675 3806 liqna
1703 3734 1767 3789 ad
1793 3735 2139 3790 Alexandrum
2174 3733 2553 3807 deprimendum

1535 3813 1893 3868 declamatores
1913 3811 2113 3866 mentiti
2131 3825 2251 3866 suut
2262 3851 2280 3878 ,
2298 3833 2425 3884 quos
2444 3832 2551 3865 nos·

1534 3905 1609 3944 ter
1632 3891 1775 3944 nullo
1800 3891 1989 3964 judicio
2014 3889 2190 3944 critico
2214 3909 2335 3943 usus
2366 3891 2415 3942 h.
2447 3890 2482 3942 l.
2514 3899 2555 3940 et

1532 3968 1653 4020 alias
1688 3981 1885 4022 secutus
1930 3981 2005 4022 est
2031 4007 2047 4031 ,
2104 3979 2152 4020 et
2193 3967 2431 4020 Juvenal.
2481 3967 2521 4018 X
2540 4003 2553 4028 ,

1538 4045 1629 4100 168
1652 4063 1665 4098 :
1693 4047 1868 4099 «Unus
1894 4045 2083 4102 Pellaeo
2112 4045 2287 4116 juveni
2314 4065 2419 4098 nou
2458 4047 2553 4096 suf-
