2667 4475
664 376 807 445 EX
856 374 1213 449 LIBRIS,
1262 372 1732 445 SENECAE.-
2142 380 2280 471 389

112 509 252 577 bus
276 509 607 579 Senecam
636 532 843 604 supra
870 508 1073 581 retuli
1096 556 1117 591 ,
1156 532 1189 571 α
1221 508 1540 599 genuisse
1567 510 1766 603 regni
1797 510 1904 578 sui
1935 510 2285 579 ministros

115 629 371 695 Deum.
422 652 457 689 n

974 749 1176 805 Eodem
1196 768 1303 825 esp.
1322 764 1422 805 vu.

236 924 263 963 1
282 920 350 965 α.
408 896 617 993 Quod
658 898 919 969 Seneca
952 899 1063 977 vir
1106 914 1348 999 acutus
1385 899 1462 965 in
1506 896 2110 969 Exhortationibus
2147 900 2290 969 suis

122 1014 345 1093 vidit„
376 1040 411 1077 α
438 1016 578 1093 Nos
604 1065 625 1097 ,
660 1016 890 1107 inquit
914 1065 939 1101 ‚
978 1014 1258 1097 aliunde
1294 1013 1696 1108 pendemus.
1743 1016 1984 1108 Itaque
2025 1013 2116 1086 ad
2149 1016 2296 1086 ali-

124 1156 347 1225 quem.
376 1133 779 1227 respicimus
802 1182 821 1217 ,
868 1134 981 1202 cui
1022 1130 1209 1224 quod
1244 1146 1346 1199 est
1390 1132 1720 1225 optimum
1759 1133 1834 1199 in
1867 1131 2068 1202 nobis
2087 1182 2108 1217 ‚
2155 1132 2290 1202 de·-

126 1248 439 1327 beamus.
474 1249 671 1321 Alius
704 1273 831 1320 nos
866 1248 1126 1333 edidit,
1165 1247 1342 1317 alius
1387 1248 1708 1327 instruxit
1753 1273 1768 1315 ε
1807 1248 2005 1325 Deus,
2033 1251 2182 1345 ipse
2215 1273 2290 1319 se

127 1365 301 1433 fecit
320 1369 334 1399 ¹
352 1415 369 1432 .
412 1391 445 1428 η

903 1502 1145 1575 Ejusdem
1168 1503 1259 1557 lib.
1280 1522 1392 1576 cap.
1411 1516 1532 1562 m,

242 1676 273 1720 1
288 1650 359 1717 3.
388 1650 451 1717 N
451 1672 545 1717 on
565 1646 847 1744 illepide
866 1650 1160 1737 Seneca,
1188 1650 1264 1718 in
1288 1647 1488 1731 libris
1511 1648 1792 1719 moralis
1803 1646 2288 1743 philosophiae,

135 1798 175 1834 α
219 1765 415 1861 Quid
444 1790 611 1861 ergo
641 1784 787 1848 est,
822 1766 1049 1859 inquit
1070 1816 1090 1850 ,
1125 1790 1342 1859 quare
1368 1763 1555 1860 apud
1579 1780 1812 1865 poetas
1839 1764 2292 1843 salacissimus

128 1884 408 1977 Jupiter
423 1882 705 1951 desierit
722 1882 974 1952 liberos
992 1882 1233 1952 tollere
1252 1884 1286 1951 P
1302 1868 1547 1955 Utrum
1566 1864 2046 1989 sexagenarius
2073 1882 2292 1951 factus

128 2016 241 2070 est
262 2052 287 2083 ,
318 2014 387 2069 et
420 1999 525 2068 illi
554 1999 663 2067 lex
695 2002 911 2094 Papia
940 1998 1225 2069 fibulam
1251 1998 1576 2096 imposuit
1597 2001 1632 2069 i>
1650 2025 1741 2070 an
1769 2002 2162 2096 impetravit
2181 2000 2299 2093 jus

130 2118 349 2185 trium
390 2115 825 2185 liberorum?
856 2137 946 2185 an
1000 2114 1275 2185 tandem
1314 2116 1418 2186 illi
1464 2099 1657 2197 venit
1692 2118 1765 2184 in
1816 2132 2152 2199 mentem,
2189 2113 2302 2182 Ab

134 2234 278 2303 alio
316 2249 665 2329 exspectes
683 2283 702 2317 ,
738 2216 937 2303 alteri
964 2232 1154 2327 quod
1188 2232 1434 2303 feceris
1455 2234 1488 2302 ἱ)
1510 2248 1584 2301 et
1616 2233 1810 2308 timet
1827 2283 1850 2320 ‚
1874 2257 1964 2312 ne
1990 2232 2146 2326 quis
2174 2228 2306 2312 sibi

138 2350 383 2432 faciat,
426 2346 613 2444 quod
639 2350 787 2458 ipse
822 2349 1118 2419 Saturno
1148 2351 1179 2418 Ρ
1216 2375 1249 2412 ι»

988 2542 1216 2610 nnn,
1244 2557 1486 2617 esp-11..

254 2690 367 2776 14.
410 2691 623 2760 Recte
660 2690 875 2782 igitur
913 2690 1183 2759 Seneca.
1202 2684 1518 2758 inlibris
1551 2681 1922 2754 moralibus
1939 2732 1960 2766 ,
1987 2680 2302 2762 ⁸«·,Simu·-

140 2811 365 2893 lacra,
411 2807 639 2900 inquit
662 2857 682 2886 ,
722 2803 1008 2875 deorum
1046 2817 1500 2887 venerantur,
1535 2800 1674 2870 illis
1709 2797 2097 2894 supplicant
2121 2821 2306 2893 genu

142 2928 368 3026 posito
397 2975 416 3008 ,
454 2924 571 2993 illa
602 2922 893 2992 adorant
936 2949 951 2990 ε
987 2905 1125 2991 illis
1160 2946 1289 3017 per
1322 2935 1539 2990 totum
1574 2915 1892 2988 adsident
1920 2915 2102 3000 diem
2131 2966 2155 3004 ‚
2188 2930 2319 2996 aut

138 3041 414 3112 adstant
449 3068 466 3107 ε
504 3040 639 3117 illis
674 3043 921 3136 stipem
948 3039 1255 3133 jaciunt,
1290 3039 1603 3107 victimas
1641 3031 1965 3116 coeduntj
1999 3047 2070 3100 et
2098 3055 2312 3124 quum

138 3157 291 3227 haec
319 3171 677 3256 tantopere
716 3155 1132 3256 suspiciant,
1184 3153 1412 3223 fabros
1431 3201 1451 3232 ‚
1501 3153 1626 3244 qui
1669 3149 2084 3234 illafecere,
2131 3171 2312 3232 con·-

144 3289 488 3346 temnunt.
540 3300 573 3339 u

938 3433 1186 3506 Ejusdem
1206 3435 1299 3488 lib.
1324 3454 1433 3507 cap.
1451 3447 1526 3488 lv.

264 3604 287 3643 1
308 3575 377 3643 5.
412 3573 661 3644 Merito
696 3572 913 3666 igitur
948 3571 1149 3639 etiam
1182 3591 1430 3645 senum.
1449 3567 1802 3636 stultitiam
1838 3568 2099 3638 Seneca
2123 3564 2315 3662 deri-

148 3694 303 3762 det.
353 3717 389 3754 «
422 3692 575 3759 Non
608 3738 627 3773 ,
672 3687 900 3780 inquit
923 3735 945 3774 ,
986 3685 1095 3755 bis
1126 3685 1335 3782 pueri
1366 3707 1637 3771 sumus,
1668 3698 1747 3753 ut
1783 3682 1990 3778 vulgo
2025 3681 2310 3764 dicitur,

228 3927 271 3962 ι.
286 3906 439 3962 Deus
452 3909 567 3974 ipse
577 3904 779 3976 sesecs't·
792 3901 1023 3958 Condito
1046 3919 1189 3957 nem·
1289 3919 1440 3969 eum,
1461 3900 1530 3953 sis
1544 3937 1560 3966 ,
1581 3900 1730 3954 adds.
1748 3897 1901 3968 Lips.
1921 3927 1989 3939 —-
2011 3895 2175 3950 Nobis
2198 3915 2322 3948 vero

152 4007 219 4064 pe
260 3984 463 4038 mundo
490 4023 508 4050 ‚
546 3982 639 4054 qui
680 3993 754 4036 est
790 3983 933 4038 Deus
970 3980 1190 4038 Stoicus.
1288 3997 1467 4042 sensus
1481 3998 1587 4032 esse
1602 3979 1803 4033 videtur
1821 3977 1992 4034 :Dum
2009 3995 2104 4028 nos
2118 3973 2182 4028 ab
2197 3974 2330 4038 alio,

154 4064 377 4136 Aliquid
396 4082 493 4139 pro
512 4059 615 4116 ho'e
639 4081 789 4116 sensu
810 4059 864 4113 in
892 4059 1194 4132 Physiolog.
1292 4075 1476 4130 nempe
1497 4057 1636 4118 Deo,
1657 4052 1938 4129 pendemus
1959 4089 1974 4118 ,
1993 4052 2100 4126 ipse
2121 4069 2150 4103 s
2174 4050 2326 4103 nullo

154 4147 215 4211 1,
254 4143 471 4199 Dissert-
498 4155 584 4194 vu
600 4177 618 4206 ‚
660 4139 780 4193 vide
796 4177 813 4208 ‚
852 4149 903 4193 et
934 4139 1081 4192 hune.
1106 4137 1197 4190 lo—
1296 4135 1486 4208 pendet
1505 4171 1522 4200 ,
1539 4147 1590 4188 et
1606 4153 1640 4188 s
1665 4134 1812 4187 nullo
1840 4132 2127 4196 ιὶἰοροιιι
2149 4137 2259 4184 est..
