2667 4475
332 327 471 418 396
1060 326 1121 391 F
1132 328 1197 393 R
1216 328 1275 393 A
1290 326 1359 397 G
1375 327 1454 394 M
1467 325 1598 394 EN
1615 326 1680 393 T
1698 329 1757 394 A

328 455 449 516 tius
468 498 487 530 ‚
532 453 888 537 prudentius
922 452 1120 537 potuit
1142 500 1161 531 ,
1192 456 1255 516 in
1292 455 1551 539 impiam
1587 454 1762 519 illam
1789 456 2116 539 pietatem?
2147 456 2240 519 Et
2279 459 2332 519 si
2379 478 2514 519 non

328 574 519 636 vagus
543 566 649 614 aut
676 573 863 615 vanus
893 552 1007 617 tibi
1038 553 1904 636 sensumhabebisJaector,
1937 560 2102 639 quod
2127 558 2278 622 huic
2307 560 2516 621 etiam

328 679 464 721 oevo
501 658 727 721 serviat
752 680 769 731 ς
800 679 923 739 quo
948 657 1317 743 religionum
1341 701 1364 734 ‚
1393 674 1460 722 ut
1491 662 1580 724 sic
1617 660 1816 725 dicam
1833 708 1854 739 ‚
1891 662 2101 747 thyrso
2141 684 2470 747 percussa
2491 709 2510 739 ,

328 763 699 829 bacchantur
734 783 809 827 ac
836 764 1139 848 gallantur
1172 765 1510 829 multorum
1536 780 1796 831 mentes.
1831 766 1958 831 Sed
1989 782 2060 831 ut
2097 790 2410 833 maneam
2445 772 2514 832 in

328 891 473 934 meo
502 870 666 933 circo
689 914 709 949 ,
732 870 961 953 promit
978 869 1108 934 haec
1126 870 1498 956 Augustinus
1525 894 1562 934 e
1593 872 1758 935 libro
1795 866 2038 937 Senecae
2057 896 2246 957 quem
2281 889 2514 940 contra

328 973 802 1060 superstitiones
839 976 1097 1060 scripsit.
1133 974 1261 1059 Qui
1284 1023 1307 1055 ‚
1340 991 1408 1051 ut
1447 978 1680 1063 optima
1726 979 2018 1063 pleraque
2043 1026 2062 1055 ,
2100 982 2295 1065 periit
2329 1008 2350 1047 ε
2401 985 2516 1045 sed

332 1077 635 1146 memoria
668 1098 876 1146 tamen
907 1085 1037 1167 ejus
1067 1086 1231 1169 apud
1260 1082 1712 1149 Tertullianum
1735 1087 1922 1149 etiam
1944 1133 1964 1166 ,
1999 1087 2064 1150 in
2085 1088 2512 1173 Apologetico

334 1188 455 1254 hoc
484 1190 646 1253 velut
675 1190 1052 1254 auctoritatis
1078 1190 1267 1254 firmae
1288 1193 1481 1255 telum
1511 1194 1962 1277 intorquentem
1993 1209 2202 1259 contra
2245 1194 2516 1260 Gentes-

332 1296 649 1378 Infimdlie
668 1340 689 1371 ,
716 1298 908 1391 inquit
931 1344 950 1377 ‚
977 1300 1349 1383 inspumate5
1370 1301 1542 1362 ἰίάαιι
1571 1313 1760 1363 tamen
1789 1304 1928 1362 estis
1949 1304 2050 1385 qua·
2075 1306 2370 1364 Senecam
2389 1304 2514 1364 ali-

335 1426 497 1489 quem
524 1406 781 1485 pluribus
808 1418 867 1467 et·
904 1406 1212 1489 majoribus
1242 1406 1317 1475 ds
1357 1408 1752 1491 superstitione
1786 1418 1984 1469 vestr-a
2017 1420 2392 1489 perorantem
2423 1430 2510 1469 re-

332 1504 732 1590 prehendet&
746 1510 903 1592 (Ubi
922 1512 1233 1596 scripsisse
1252 1511 1599 1577 Doctorem
1619 1533 1909 1597 magnum
1933 1532 2154 1577 censeo
2172 1558 2191 1590 ,
2216 1516 2512 1597 αἱὶφιαηι-

331 1618 597 1699 plun'bus
624 1643 647 1680 .·
671 1640 795 1701 qua
847 1620 1049 1683 forma
1086 1633 1147 1684 et
1181 1620 1604 1705 conjunctione
1637 1620 1703 1681 in
1744 1620 2008 1705 Apuleio
2027 1664 2048 1697 ,
2092 1620 2294 1682 immo
2339 1635 2414 1683 et
2453 1622 2510 1682 in

339 1720 658 1788 Ciceronis
674 1724 957 1789 Verrinis
976 1726 1139 1811 lego,
1158 1724 1662 1810 aliqummultos.)
1680 1724 2048 1792 Etalludere
2065 1727 2320 1809 quidem
2340 1726 2512 1789 Ter-

340 1830 626 1895 tullianus
643 1834 723 1893 ad
740 1831 901 1895 hunc
914 1833 1187 1911 titulum,
1209 1831 1313 1896 De
1335 1831 1778 1921 Superstitione
1795 1879 1815 1912 ,
1843 1833 2098 1899 videtur.
2123 1831 2278 1897 Non
2297 1846 2512 1897 tamen

340 1956 521 2021 nego,
543 1937 691 2019 quin
720 1937 994 2022 pluribus
1023 1939 1209 2020 locis,
1236 1941 1430 2003 immo
1451 1938 1626 2003 libris
1655 1924 1776 2003 hoc
1791 1939 2130 2025 argmenti
2147 1960 2346 2023 genus
2379 1953 2510 2002 tra-

342 2044 520 2107 ctarit
548 2043 812 2107 Annaeus
834 2090 853 2123 ‚
884 2046 1221 2129 prasertim
1248 2046 1313 2108 in
1345 2038 1884 2109 Exhortationibus
1916 2071 1932 2109 ι
1976 2066 2126 2128 quas
2153 2042 2512 2109 Lactantius

346 2148 665 2233 aliquoties
688 2152 967 2217 nominat
988 2195 1010 2230 ,
1042 2166 1106 2215 et
1130 2152 1372 2217 adducit
1397 2154 1722 2217 sententias
1754 2152 1920 2217 haud
1939 2150 2214 2238 dispares
2243 2151 2404 2216 istis.
2429 2180 2464 2209 ι

448 2383 761 2460 Libertas
784 2408 949 2458 sane
970 2435 991 2466 ‚
1018 2385 1246 2477 inquit
1266 2385 1694 2480 Augustinus
1709 2435 1732 2470 ,
1752 2409 1911 2478 quae
1935 2384 2101 2454 huic
2118 2385 2387 2469 defuit,
2423 2411 2514 2455 ne

351 2505 545 2572 istam
578 2503 909 2572 urbanam
945 2501 1358 2595 theologiam
1392 2503 1744 2572 theatricoe
1775 2501 2188 2572 simillimam
2207 2551 2230 2586 ,
2269 2519 2514 2597 aperte

351 2621 527 2686 sieut
550 2618 736 2686 illam
766 2614 1273 2712 reprehendere
1302 2614 1626 2702 auderet,
1661 2618 1917 2688 Annaeo
1946 2620 2221 2688 Senecoe
2245 2667 2270 2700 ‚
2303 2643 2512 2710 quem

351 2733 700 2804 nonnullis
724 2733 997 2802 indiciis
1022 2735 1410 2803 invenimus
1428 2733 1908 2829 Apostolorum
1937 2749 2331 2804 nostrorum
2361 2735 2514 2804 cla-

353 2851 573 2918 ruisse
602 2850 1025 2944 temporibus
1042 2855 1094 2936 ¹,
1118 2874 1259 2920 non
1278 2850 1562 2943 quidem
1593 2877 1677 2920 ex
1698 2866 1868 2935 toto,
1901 2875 2142 2920 verum
2169 2875 2258 2918 ex
2281 2850 2516 2944 aliqua

356 2983 549 3061 parte
582 2990 720 3035 non
752 2966 992 3046 defuit.
1027 2965 1272 3044 Adfuit
1306 2966 1496 3044 enim
1535 2967 1865 3036 scribenti
1886 3016 1907 3051 ,
1949 2969 2212 3038 viventi
2257 2966 2508 3036 defuit..

353 3065 528 3151 Nam
568 3085 643 3153 in
692 3107 773 3154 eo
820 3082 998 3151 libro
1058 3107 1263 3182 quem
1301 3097 1540 3156 contra
1578 3083 2098 3176 superstitiones
2141 3081 2464 3151 condidit
2487 3135 2508 3170 ,

355 3199 567 3272 multo
592 3202 931 3295 copiosius
956 3224 1036 3271 ac
1069 3199 1539 3270 vehementius
1563 3199 2020 3293 reprehendit
2050 3199 2197 3293 ipse
2235 3200 2514 3270 civilem

361 3319 557 3384 istam
594 3333 665 3385 et
708 3317 1043 3388 urbanam
1079 3315 1492 3412 theologiam
1513 3366 1533 3399 ,
1577 3340 1783 3409 quam
1834 3318 2054 3410 Varro
2107 3315 2516 3392 theatricum

358 3449 563 3528 atque
589 3433 988 3504 fabulosam.
1039 3433 1276 3527 Quum
1302 3435 1488 3502 enim
1523 3432 1610 3502 de
1635 3431 2026 3514 ,simulacris
2059 3448 2301 3527 ageret
2335 3457 2356 3498 :

432 3705 659 3778 1.Quem
683 3708 944 3760 nonnullis
968 3706 1394 3774 indiciis.;Apo-
1489 3705 1768 3778 impostore
1807 3724 1824 3760 ι
1857 3718 1909 3758 et
1944 3704 2095 3758 honis
2133 3723 2256 3757 sane
2297 3701 2520 3757 humeris

363 3791 481 3843 stol.
499 3796 661 3839 nostr.
683 3788 937 3839 claruisse
950 3795 1164 3852 tempor.
1188 3781 1392 3851 Quibus
1490 3785 1844 3856 Hieronymus
1869 3780 1965 3852 qui.
1994 3780 2199 3834 admisit
2215 3817 2230 3846 ,
2273 3793 2322 3833 et
2345 3779 2524 3834 hahuit

364 3861 970 3935 indiciis,oAugustine?
993 3860 1168 3915 Illisne
1190 3862 1391 3936 Episto-
1492 3859 1665 3917 iidem.
1699 3860 1898 3914 Tamen
1929 3859 2058 3930 quid
2091 3857 2300 3911 indiciis
2343 3878 2475 3932 opus
2493 3857 2522 3910 ἲ

363 3947 531 3996 larum
552 3943 617 3995 ad
639 3927 860 3994 Paulum
880 3941 1029 4012 (quas
1046 3939 1163 3992 vide
1179 3939 1346 4010 infra)
1367 3939 1394 3994 ἰ’
1495 3944 1640 4011 Aqua
1662 3954 1712 3993 et
1733 3961 1847 3994 aere
1868 3940 1965 3992 isto
1990 3937 2234 4009 liquidius
2257 3951 2366 4003 est,
2389 3959 2524 3992 eom-

374 4023 700 4095 Suspicamur
743 4020 797 4074 id
836 4033 885 4073 te
927 4021 1267 4094 suspicatum5
1306 4021 1398 4075 sed
1495 4040 1668 4096 parem
1683 4033 1828 4075 atsto
1850 4019 2102 4074 Senecam
2117 4015 2380 4093 Apostolis
2403 4019 2526 4072 fuis-

372 4101 554 4154 l'rustra
578 4100 725 4174 :quia
741 4119 885 4158 vana
903 4099 1005 4156 illa
1021 4137 1036 4166 ,
1062 4112 1112 4154 et
1130 4097 1193 4154 ab
1214 4099 1396 4162 inscito
1497 4120 1574 4164 se,
1593 4111 1642 4152 et
1659 4098 1839 4156 vixisse
1861 4095 2069 4156 Chudii
2088 4115 2151 4152 ac
2162 4093 2384 4152 Neroni·
2399 4115 2524 4156 uro,
2643 4157 2645 4178 i
