<?xml version="1.0" encoding="UTF-8"?>
<!DOCTYPE html PUBLIC "-//W3C//DTD XHTML 1.0 Transitional//EN"
    "http://www.w3.org/TR/xhtml1/DTD/xhtml1-transitional.dtd">
<html xmlns="http://www.w3.org/1999/xhtml" xml:lang="en" lang="en">
 <head>
  <title>
</title>
<meta http-equiv="Content-Type" content="text/html;charset=utf-8" />
  <meta name='ocr-system' content='tesseract 3.04.00' />
  <meta name='ocr-capabilities' content='ocr_page ocr_carea ocr_par ocr_line ocrx_word'/>
</head>
<body>
  <div class='ocr_page' id='page_1' title='image "./lannaeisenecaeo04bouigoog_0528.png"; bbox 0 0 2667 4475; ppageno 0'>
   <div class='ocr_carea' id='block_1_1' title="bbox 442 352 2207 427">
    <p class='ocr_par' dir='ltr' id='par_1_1' title="bbox 442 352 2207 427">
     <span class='ocr_line' id='line_1_1' title="bbox 442 352 2207 427; baseline 0.005 -8"><span class='ocrx_word' id='word_1_1' title='bbox 442 352 936 423; x_wconf 81' lang='lat' dir='ltr'><strong>PHYSIOL.</strong></span> <span class='ocrx_word' id='word_1_2' title='bbox 989 352 1499 424; x_wconf 75' lang='lat' dir='ltr'><strong>sTolcon.</strong></span> <span class='ocrx_word' id='word_1_3' title='bbox 1550 354 1743 423; x_wconf 85' lang='lat' dir='ltr'><strong>LIB.</strong></span> <span class='ocrx_word' id='word_1_4' title='bbox 1794 354 1855 425; x_wconf 92' lang='lat'><strong>1.</strong></span> <span class='ocrx_word' id='word_1_5' title='bbox 2085 358 2207 427; x_wconf 77' lang='lat'><strong>531</strong></span> 
     </span>
    </p>
   </div>
   <div class='ocr_carea' id='block_1_2' title="bbox 71 493 2242 1326">
    <p class='ocr_par' dir='ltr' id='par_1_2' title="bbox 71 493 2242 1326">
     <span class='ocr_line' id='line_1_2' title="bbox 71 493 2221 579; baseline 0 -20"><span class='ocrx_word' id='word_1_6' title='bbox 71 500 194 559; x_wconf 64' lang='lat' dir='ltr'><strong>Deo</strong></span> <span class='ocrx_word' id='word_1_7' title='bbox 225 498 646 579; x_wconf 74' lang='lat' dir='ltr'><strong>propinquum.</strong></span> <span class='ocrx_word' id='word_1_8' title='bbox 681 493 972 555; x_wconf 72' lang='lat' dir='ltr'><strong>Perfectus</strong></span> <span class='ocrx_word' id='word_1_9' title='bbox 996 494 1170 557; x_wconf 82' lang='lat' dir='ltr'><strong>homo</strong></span> <span class='ocrx_word' id='word_1_10' title='bbox 1193 516 1312 557; x_wconf 85' lang='lat' dir='ltr'><strong>non</strong></span> <span class='ocrx_word' id='word_1_11' title='bbox 1339 508 1462 557; x_wconf 82' lang='lat' dir='ltr'><strong>erat</strong></span> <span class='ocrx_word' id='word_1_12' title='bbox 1480 540 1499 570; x_wconf 87' lang='lat'>‚</span> <span class='ocrx_word' id='word_1_13' title='bbox 1530 499 1579 557; x_wconf 90' lang='lat' dir='ltr'><strong>si</strong></span> <span class='ocrx_word' id='word_1_14' title='bbox 1610 498 1757 559; x_wconf 77' lang='lat' dir='ltr'><strong>liber</strong></span> <span class='ocrx_word' id='word_1_15' title='bbox 1781 518 1897 559; x_wconf 85' lang='lat' dir='ltr'><strong>non</strong></span> <span class='ocrx_word' id='word_1_16' title='bbox 1922 513 2061 560; x_wconf 81' lang='lat' dir='ltr'><strong>erat.</strong></span> <span class='ocrx_word' id='word_1_17' title='bbox 2096 500 2221 561; x_wconf 55' lang='lat' dir='ltr'><strong>D&amp;-</strong></span> 
     </span>
     <span class='ocr_line' id='line_1_3' title="bbox 71 600 2227 689; baseline 0.001 -24"><span class='ocrx_word' id='word_1_18' title='bbox 71 600 250 687; x_wconf 70' lang='lat' dir='ltr'><strong>nique</strong></span> <span class='ocrx_word' id='word_1_19' title='bbox 281 606 368 663; x_wconf 82' lang='lat' dir='ltr'><strong>sic</strong></span> <span class='ocrx_word' id='word_1_20' title='bbox 391 604 640 685; x_wconf 77' lang='lat' dir='ltr'><strong>placuit3</strong></span> <span class='ocrx_word' id='word_1_21' title='bbox 671 603 763 662; x_wconf 85' lang='lat' dir='ltr'><strong>cui</strong></span> <span class='ocrx_word' id='word_1_22' title='bbox 781 603 896 661; x_wconf 86' lang='lat' dir='ltr'><strong>nisi</strong></span> <span class='ocrx_word' id='word_1_23' title='bbox 923 603 1204 684; x_wconf 84' lang='lat' dir='ltr'><strong>optimum</strong></span> <span class='ocrx_word' id='word_1_24' title='bbox 1227 604 1456 685; x_wconf 78' lang='lat' dir='ltr'><strong>placere</strong></span> <span class='ocrx_word' id='word_1_25' title='bbox 1482 624 1597 664; x_wconf 83' lang='lat' dir='ltr'><strong>non</strong></span> <span class='ocrx_word' id='word_1_26' title='bbox 1618 617 1805 685; x_wconf 85' lang='lat' dir='ltr'><strong>potest</strong></span> <span class='ocrx_word' id='word_1_27' title='bbox 1832 628 1849 664; x_wconf 71' lang='grc' dir='ltr'><em>ε</em></span> <span class='ocrx_word' id='word_1_28' title='bbox 1878 607 2021 689; x_wconf 85' lang='lat' dir='ltr'><strong>quid</strong></span> <span class='ocrx_word' id='word_1_29' title='bbox 2041 607 2227 689; x_wconf 86' lang='lat' dir='ltr'><strong>inqui-</strong></span> 
     </span>
     <span class='ocr_line' id='line_1_4' title="bbox 71 708 2233 799; baseline 0.002 -28"><span class='ocrx_word' id='word_1_30' title='bbox 71 712 185 773; x_wconf 45' lang='lat' dir='ltr'><strong>tis?</strong></span> <span class='ocrx_word' id='word_1_31' title='bbox 223 738 256 766; x_wconf 72' lang='grc' dir='ltr'><strong>α</strong></span> <span class='ocrx_word' id='word_1_32' title='bbox 288 710 370 771; x_wconf 84' lang='lat' dir='ltr'><strong>Et</strong></span> <span class='ocrx_word' id='word_1_33' title='bbox 400 730 748 793; x_wconf 76' lang='lat' dir='ltr'><strong>quamquam</strong></span> <span class='ocrx_word' id='word_1_34' title='bbox 771 710 1091 791; x_wconf 69' lang='lat' dir='ltr'><strong>praescierat</strong></span> <span class='ocrx_word' id='word_1_35' title='bbox 1115 708 1529 793; x_wconf 74' lang='lat' dir='ltr'><strong>(Ternfflianus</strong></span> <span class='ocrx_word' id='word_1_36' title='bbox 1559 712 1707 772; x_wconf 78' lang='lat' dir='ltr'><strong>Adv.</strong></span> <span class='ocrx_word' id='word_1_37' title='bbox 1734 712 1918 773; x_wconf 80' lang='lat' dir='ltr'><strong>Marc.</strong></span> <span class='ocrx_word' id='word_1_38' title='bbox 1956 712 2018 774; x_wconf 91' lang='grc' dir='ltr'><strong>ΙΙ</strong></span> <span class='ocrx_word' id='word_1_39' title='bbox 2039 759 2057 789; x_wconf 89' lang='grc'><em>,</em></span> <span class='ocrx_word' id='word_1_40' title='bbox 2085 736 2139 775; x_wconf 91' lang='lat' dir='ltr'><strong>c.</strong></span> <span class='ocrx_word' id='word_1_41' title='bbox 2170 713 2233 799; x_wconf 86' lang='lat'><strong>7)</strong></span> 
     </span>
     <span class='ocr_line' id='line_1_5' title="bbox 71 817 2229 903; baseline 0.001 -24"><span class='ocrx_word' id='word_1_42' title='bbox 71 820 376 879; x_wconf 77' lang='lat' dir='ltr'><strong>bominem</strong></span> <span class='ocrx_word' id='word_1_43' title='bbox 417 818 566 878; x_wconf 83' lang='lat' dir='ltr'><strong>male</strong></span> <span class='ocrx_word' id='word_1_44' title='bbox 597 817 954 877; x_wconf 81' lang='lat' dir='ltr'><strong>institutione</strong></span> <span class='ocrx_word' id='word_1_45' title='bbox 993 838 1096 876; x_wconf 76' lang='lat' dir='ltr'><strong>sua</strong></span> <span class='ocrx_word' id='word_1_46' title='bbox 1135 838 1375 877; x_wconf 84' lang='lat' dir='ltr'><strong>usurum</strong></span> <span class='ocrx_word' id='word_1_47' title='bbox 1408 841 1425 876; x_wconf 73' lang='grc' dir='ltr'><strong>ι</strong></span> <span class='ocrx_word' id='word_1_48' title='bbox 1458 818 1601 900; x_wconf 81' lang='lat' dir='ltr'><strong>quid</strong></span> <span class='ocrx_word' id='word_1_49' title='bbox 1632 830 1748 879; x_wconf 77' lang='lat' dir='ltr'><strong>tam</strong></span> <span class='ocrx_word' id='word_1_50' title='bbox 1791 818 2031 903; x_wconf 78' lang='lat' dir='ltr'><strong>dig-num</strong></span> <span class='ocrx_word' id='word_1_51' title='bbox 2060 820 2187 883; x_wconf 88' lang='lat' dir='ltr'><strong>Deo</strong></span> <span class='ocrx_word' id='word_1_52' title='bbox 2213 866 2229 896; x_wconf 92' lang='lat'>‚</span> 
     </span>
     <span class='ocr_line' id='line_1_6' title="bbox 71 922 2235 1008; baseline 0.001 -24"><span class='ocrx_word' id='word_1_53' title='bbox 71 946 252 1007; x_wconf 80' lang='lat' dir='ltr'><strong>qnam</strong></span> <span class='ocrx_word' id='word_1_54' title='bbox 285 926 534 1007; x_wconf 74' lang='lat' dir='ltr'><strong>gravitas</strong></span> <span class='ocrx_word' id='word_1_55' title='bbox 555 968 573 998; x_wconf 90' lang='lat'><strong>,</strong></span> <span class='ocrx_word' id='word_1_56' title='bbox 615 944 788 1006; x_wconf 85' lang='lat' dir='ltr'><strong>quam</strong></span> <span class='ocrx_word' id='word_1_57' title='bbox 829 923 972 983; x_wconf 84' lang='lat' dir='ltr'><strong>fides</strong></span> <span class='ocrx_word' id='word_1_58' title='bbox 1013 924 1431 983; x_wconf 77' lang='lat' dir='ltr'><strong>institutionum</strong></span> <span class='ocrx_word' id='word_1_59' title='bbox 1472 922 2015 1008; x_wconf 77' lang='lat' dir='ltr'><strong>qualiumcumque?</strong></span> <span class='ocrx_word' id='word_1_60' title='bbox 2044 954 2074 981; x_wconf 73' lang='lat'><strong>›-</strong></span> <span class='ocrx_word' id='word_1_61' title='bbox 2120 926 2235 989; x_wconf 86' lang='lat' dir='ltr'><strong>Sed</strong></span> 
     </span>
     <span class='ocr_line' id='line_1_7' title="bbox 71 1010 2233 1115; baseline 0.002 -24"><span class='ocrx_word' id='word_1_62' title='bbox 71 1032 326 1115; x_wconf 82' lang='lat' dir='ltr'><strong>gradum</strong></span> <span class='ocrx_word' id='word_1_63' title='bbox 349 1029 468 1115; x_wconf 86' lang='lat' dir='ltr'><strong>jam</strong></span> <span class='ocrx_word' id='word_1_64' title='bbox 487 1032 746 1093; x_wconf 74' lang='lat' dir='ltr'><strong>rufi-aeno.</strong></span> <span class='ocrx_word' id='word_1_65' title='bbox 777 1028 1140 1092; x_wconf 83' lang='lat' dir='ltr'><strong>Providentia</strong></span> <span class='ocrx_word' id='word_1_66' title='bbox 1161 1042 1218 1091; x_wconf 87' lang='lat' dir='ltr'><strong>et</strong></span> <span class='ocrx_word' id='word_1_67' title='bbox 1238 1030 1441 1090; x_wconf 83' lang='lat' dir='ltr'><strong>Fatum</strong></span> <span class='ocrx_word' id='word_1_68' title='bbox 1464 1032 1655 1091; x_wconf 83' lang='lat' dir='ltr'><strong>verbis</strong></span> <span class='ocrx_word' id='word_1_69' title='bbox 1676 1024 1810 1094; x_wconf 78' lang='lat' dir='ltr'><strong>satis</strong></span> <span class='ocrx_word' id='word_1_70' title='bbox 1822 1010 2047 1096; x_wconf 43' lang='lat' dir='ltr'><strong>&#39;asserta</strong></span> <span class='ocrx_word' id='word_1_71' title='bbox 2066 1048 2201 1095; x_wconf 86' lang='lat' dir='ltr'><strong>sunt</strong></span> <span class='ocrx_word' id='word_1_72' title='bbox 2217 1078 2233 1109; x_wconf 88' lang='lat'>‚</span> 
     </span>
     <span class='ocr_line' id='line_1_8' title="bbox 71 1124 2242 1222; baseline 0.001 -23"><span class='ocrx_word' id='word_1_73' title='bbox 71 1132 266 1219; x_wconf 78' lang='lat' dir='ltr'><strong>magis</strong></span> <span class='ocrx_word' id='word_1_74' title='bbox 291 1124 480 1219; x_wconf 83' lang='lat' dir='ltr'><strong>seipsa</strong></span> <span class='ocrx_word' id='word_1_75' title='bbox 501 1139 756 1221; x_wconf 84' lang='lat' dir='ltr'><strong>quotidie</strong></span> <span class='ocrx_word' id='word_1_76' title='bbox 783 1138 966 1199; x_wconf 82' lang='lat' dir='ltr'><strong>sactis.</strong></span> <span class='ocrx_word' id='word_1_77' title='bbox 981 1138 1304 1197; x_wconf 84' lang='lat' dir='ltr'><strong>Teneamus</strong></span> <span class='ocrx_word' id='word_1_78' title='bbox 1323 1148 1567 1219; x_wconf 85' lang='lat' dir='ltr'><strong>utraque</strong></span> <span class='ocrx_word' id='word_1_79' title='bbox 1588 1158 1767 1199; x_wconf 87' lang='lat' dir='ltr'><strong>manu</strong></span> <span class='ocrx_word' id='word_1_80' title='bbox 1780 1183 1797 1212; x_wconf 90' lang='lat'>,</span> <span class='ocrx_word' id='word_1_81' title='bbox 1830 1142 2242 1222; x_wconf 74' lang='lat' dir='ltr'><strong>amplectamur</strong></span> 
     </span>
     <span class='ocr_line' id='line_1_9' title="bbox 71 1240 2237 1326; baseline 0.001 -23"><span class='ocrx_word' id='word_1_82' title='bbox 71 1256 202 1303; x_wconf 79' lang='lat' dir='ltr'><strong>toto</strong></span> <span class='ocrx_word' id='word_1_83' title='bbox 222 1246 422 1305; x_wconf 79' lang='lat' dir='ltr'><strong>animo</strong></span> <span class='ocrx_word' id='word_1_84' title='bbox 443 1289 460 1319; x_wconf 85' lang='lat'>,</span> <span class='ocrx_word' id='word_1_85' title='bbox 487 1246 752 1305; x_wconf 85' lang='lat' dir='ltr'><strong>omnihus</strong></span> <span class='ocrx_word' id='word_1_86' title='bbox 782 1257 841 1304; x_wconf 86' lang='lat' dir='ltr'><strong>et</strong></span> <span class='ocrx_word' id='word_1_87' title='bbox 868 1244 1108 1326; x_wconf 82' lang='lat' dir='ltr'><strong>singulis</strong></span> <span class='ocrx_word' id='word_1_88' title='bbox 1131 1242 1250 1303; x_wconf 80' lang='lat' dir='ltr'><strong>haec</strong></span> <span class='ocrx_word' id='word_1_89' title='bbox 1273 1244 1643 1304; x_wconf 83' lang='lat' dir='ltr'><strong>intervenire.</strong></span> <span class='ocrx_word' id='word_1_90' title='bbox 1668 1240 1959 1307; x_wconf 82' lang='lat' dir='ltr'><strong>Homerus</strong></span> <span class='ocrx_word' id='word_1_91' title='bbox 1986 1248 2196 1308; x_wconf 81' lang='lat' dir='ltr'><strong>clamat</strong></span> <span class='ocrx_word' id='word_1_92' title='bbox 2222 1268 2237 1306; x_wconf 77' lang='grc' dir='ltr'><strong>ι</strong></span> 
     </span>
    </p>
   </div>
   <div class='ocr_carea' id='block_1_3' title="bbox 421 1384 1778 1545">
    <p class='ocr_par' dir='ltr' id='par_1_3' title="bbox 421 1384 1778 1545">
     <span class='ocr_line' id='line_1_10' title="bbox 425 1384 1659 1456; baseline 0 -19"><span class='ocrx_word' id='word_1_93' title='bbox 425 1418 440 1437; x_wconf 63' lang='lat'>0</span> <span class='ocrx_word' id='word_1_94' title='bbox 463 1422 478 1437; x_wconf 88' lang='lat'><strong>.</strong></span> <span class='ocrx_word' id='word_1_95' title='bbox 496 1422 511 1436; x_wconf 89' lang='lat'><strong>.</strong></span> <span class='ocrx_word' id='word_1_96' title='bbox 527 1422 542 1437; x_wconf 91' lang='grc'><strong>.</strong></span> <span class='ocrx_word' id='word_1_97' title='bbox 569 1394 750 1456; x_wconf 75' lang='grc' dir='ltr'>Μοῖραν</span> <span class='ocrx_word' id='word_1_98' title='bbox 773 1384 984 1439; x_wconf 55' lang='lat' dir='ltr'><strong>fufium</strong></span> <span class='ocrx_word' id='word_1_99' title='bbox 999 1387 1114 1455; x_wconf 72' lang='grc' dir='ltr'><strong>φημὶ</strong></span> <span class='ocrx_word' id='word_1_100' title='bbox 1142 1386 1429 1452; x_wconf 63' lang='grc' dir='ltr'><strong>πεφυγμένον</strong></span> <span class='ocrx_word' id='word_1_101' title='bbox 1448 1385 1627 1453; x_wconf 72' lang='grc' dir='ltr'><strong><em>ἅνδρόν</em></strong></span> <span class='ocrx_word' id='word_1_102' title='bbox 1646 1423 1659 1447; x_wconf 86' lang='grc'><em>,</em></span> 
     </span>
     <span class='ocr_line' id='line_1_11' title="bbox 421 1476 1778 1545; baseline -0.001 -17"><span class='ocrx_word' id='word_1_103' title='bbox 421 1477 492 1528; x_wconf 71' lang='grc' dir='ltr'><strong>Οὔ</strong></span> <span class='ocrx_word' id='word_1_104' title='bbox 514 1478 652 1529; x_wconf 60' lang='grc' dir='ltr'><strong>κιὼν</strong></span> <span class='ocrx_word' id='word_1_105' title='bbox 671 1514 686 1538; x_wconf 83' lang='lat'><em>,</em></span> <span class='ocrx_word' id='word_1_106' title='bbox 709 1476 813 1531; x_wconf 65' lang='grc' dir='ltr'><strong>οὗδέ</strong></span> <span class='ocrx_word' id='word_1_107' title='bbox 839 1478 921 1545; x_wconf 68' lang='grc' dir='ltr'><strong>μὶν</strong></span> <span class='ocrx_word' id='word_1_108' title='bbox 940 1478 1105 1529; x_wconf 66' lang='grc' dir='ltr'><strong>ἔσθλδν</strong></span> <span class='ocrx_word' id='word_1_109' title='bbox 1121 1512 1136 1541; x_wconf 83' lang='grc'><strong>,</strong></span> <span class='ocrx_word' id='word_1_110' title='bbox 1161 1477 1284 1533; x_wconf 65' lang='lat' dir='ltr'><strong>lar-&gt;iv</strong></span> <span class='ocrx_word' id='word_1_111' title='bbox 1309 1478 1369 1528; x_wconf 67' lang='grc' dir='ltr'><strong>τὰ</strong></span> <span class='ocrx_word' id='word_1_112' title='bbox 1395 1478 1557 1545; x_wconf 66' lang='grc' dir='ltr'><strong><em>πρῢτα</em></strong></span> <span class='ocrx_word' id='word_1_113' title='bbox 1575 1477 1778 1539; x_wconf 68' lang='grc' dir='ltr'><strong>γίνηται.</strong></span> 
     </span>
    </p>
   </div>
   <div class='ocr_carea' id='block_1_4' title="bbox 426 1592 1865 1753">
    <p class='ocr_par' dir='ltr' id='par_1_4' title="bbox 426 1592 1865 1753">
     <span class='ocr_line' id='line_1_12' title="bbox 435 1592 1491 1645; baseline 0.002 -2"><span class='ocrx_word' id='word_1_114' title='bbox 435 1628 452 1643; x_wconf 90' lang='grc'><strong>.</strong></span> <span class='ocrx_word' id='word_1_115' title='bbox 469 1628 484 1644; x_wconf 92' lang='grc'><strong>.</strong></span> <span class='ocrx_word' id='word_1_116' title='bbox 505 1629 518 1643; x_wconf 93' lang='grc'><strong>.</strong></span> <span class='ocrx_word' id='word_1_117' title='bbox 539 1630 554 1643; x_wconf 92' lang='grc'><strong>.</strong></span> <span class='ocrx_word' id='word_1_118' title='bbox 580 1594 758 1642; x_wconf 79' lang='lat' dir='ltr'><strong>Fatum</strong></span> <span class='ocrx_word' id='word_1_119' title='bbox 778 1592 858 1643; x_wconf 87' lang='lat' dir='ltr'><strong>aio</strong></span> <span class='ocrx_word' id='word_1_120' title='bbox 873 1592 1066 1643; x_wconf 85' lang='lat' dir='ltr'><strong>nullum</strong></span> <span class='ocrx_word' id='word_1_121' title='bbox 1083 1593 1258 1643; x_wconf 73' lang='lat' dir='ltr'><strong>vim-e</strong></span> <span class='ocrx_word' id='word_1_122' title='bbox 1273 1594 1491 1645; x_wconf 75' lang='lat' dir='ltr'><strong>virorum</strong></span> 
     </span>
     <span class='ocr_line' id='line_1_13' title="bbox 426 1681 1865 1753; baseline 0.001 -20"><span class='ocrx_word' id='word_1_123' title='bbox 426 1682 1021 1745; x_wconf 69' lang='lat' dir='ltr'><strong>Pmum,sivebonum‚</strong></span> <span class='ocrx_word' id='word_1_124' title='bbox 1043 1681 1865 1753; x_wconf 73' lang='lat' dir='ltr'><strong>quamprimumvenitinorbcm.</strong></span> 
     </span>
    </p>
   </div>
   <div class='ocr_carea' id='block_1_5' title="bbox 87 1786 2261 2125">
    <p class='ocr_par' dir='ltr' id='par_1_5' title="bbox 87 1786 2261 2125">
     <span class='ocr_line' id='line_1_14' title="bbox 87 1786 2259 1907; baseline 0.003 -29"><span class='ocrx_word' id='word_1_125' title='bbox 87 1820 237 1896; x_wconf 84' lang='lat' dir='ltr'><strong>Quis</strong></span> <span class='ocrx_word' id='word_1_126' title='bbox 268 1818 488 1879; x_wconf 82' lang='lat' dir='ltr'><strong>fructus</strong></span> <span class='ocrx_word' id='word_1_127' title='bbox 520 1817 674 1877; x_wconf 82' lang='lat' dir='ltr'><strong>erit?</strong></span> <span class='ocrx_word' id='word_1_128' title='bbox 710 1817 989 1878; x_wconf 81' lang='lat' dir='ltr'><strong>Patientia</strong></span> <span class='ocrx_word' id='word_1_129' title='bbox 1006 1862 1023 1890; x_wconf 90' lang='lat'><strong>,</strong></span> <span class='ocrx_word' id='word_1_130' title='bbox 1060 1831 1116 1879; x_wconf 90' lang='lat' dir='ltr'><strong>et</strong></span> <span class='ocrx_word' id='word_1_131' title='bbox 1145 1818 1496 1883; x_wconf 83' lang='lat' dir='ltr'><strong>Constantia.</strong></span> <span class='ocrx_word' id='word_1_132' title='bbox 1538 1850 1565 1877; x_wconf 77' lang='grc' dir='ltr'>κ</span> <span class='ocrx_word' id='word_1_133' title='bbox 1596 1786 1689 1885; x_wconf 61' lang='lat' dir='ltr'><strong>Ad</strong></span> <span class='ocrx_word' id='word_1_134' title='bbox 1716 1823 1876 1886; x_wconf 57' lang='lat' dir='ltr'><strong>⁴⁴ham:</strong></span> <span class='ocrx_word' id='word_1_135' title='bbox 1906 1824 2095 1907; x_wconf 81' lang='lat' dir='ltr'><strong>legem</strong></span> <span class='ocrx_word' id='word_1_136' title='bbox 2129 1824 2259 1887; x_wconf 87' lang='lat' dir='ltr'><strong>ani-</strong></span> 
     </span>
     <span class='ocr_line' id='line_1_15' title="bbox 93 1924 2257 2014; baseline 0.005 -29"><span class='ocrx_word' id='word_1_137' title='bbox 93 1945 226 1985; x_wconf 87' lang='lat' dir='ltr'><strong>mus</strong></span> <span class='ocrx_word' id='word_1_138' title='bbox 251 1938 442 1984; x_wconf 84' lang='lat' dir='ltr'><strong>noster</strong></span> <span class='ocrx_word' id='word_1_139' title='bbox 459 1924 741 2006; x_wconf 83' lang='lat' dir='ltr'><strong>aptandus</strong></span> <span class='ocrx_word' id='word_1_140' title='bbox 764 1937 871 1999; x_wconf 88' lang='lat' dir='ltr'><strong>est,</strong></span> <span class='ocrx_word' id='word_1_141' title='bbox 885 1925 1034 1985; x_wconf 81' lang='lat' dir='ltr'><strong>lianc</strong></span> <span class='ocrx_word' id='word_1_142' title='bbox 1055 1938 1350 2007; x_wconf 82' lang='lat' dir='ltr'><strong>sequatur,</strong></span> <span class='ocrx_word' id='word_1_143' title='bbox 1372 1928 1507 1987; x_wconf 84' lang='lat' dir='ltr'><strong>huic</strong></span> <span class='ocrx_word' id='word_1_144' title='bbox 1532 1943 1733 2011; x_wconf 85' lang='lat' dir='ltr'><strong>pareat</strong></span> <span class='ocrx_word' id='word_1_145' title='bbox 1760 1955 1778 1989; x_wconf 76' lang='grc' dir='ltr'><strong>ι</strong></span> <span class='ocrx_word' id='word_1_146' title='bbox 1808 1942 1869 1991; x_wconf 87' lang='lat' dir='ltr'><strong>et</strong></span> <span class='ocrx_word' id='word_1_147' title='bbox 1885 1952 2257 2014; x_wconf 66' lang='lat' dir='ltr'><strong>quaecumque</strong></span> 
     </span>
     <span class='ocr_line' id='line_1_16' title="bbox 99 2030 2261 2125; baseline 0.005 -34"><span class='ocrx_word' id='word_1_148' title='bbox 99 2032 248 2091; x_wconf 84' lang='lat' dir='ltr'><strong>fiunt</strong></span> <span class='ocrx_word' id='word_1_149' title='bbox 271 2030 536 2091; x_wconf 74' lang='lat' dir='ltr'><strong>debuisse</strong></span> <span class='ocrx_word' id='word_1_150' title='bbox 567 2032 689 2091; x_wconf 83' lang='lat' dir='ltr'><strong>fieri</strong></span> <span class='ocrx_word' id='word_1_151' title='bbox 717 2044 880 2125; x_wconf 75' lang='lat' dir='ltr'><strong>putet</strong></span> <span class='ocrx_word' id='word_1_152' title='bbox 895 2076 912 2106; x_wconf 92' lang='lat'>,</span> <span class='ocrx_word' id='word_1_153' title='bbox 945 2054 1052 2093; x_wconf 84' lang='lat' dir='ltr'><strong>nec</strong></span> <span class='ocrx_word' id='word_1_154' title='bbox 1071 2030 1212 2093; x_wconf 84' lang='lat' dir='ltr'><strong>velit</strong></span> <span class='ocrx_word' id='word_1_155' title='bbox 1239 2032 1545 2118; x_wconf 77' lang='lat' dir='ltr'><strong>objurgare</strong></span> <span class='ocrx_word' id='word_1_156' title='bbox 1558 2034 1895 2097; x_wconf 79' lang='lat' dir='ltr'><strong>Naturam.»</strong></span> <span class='ocrx_word' id='word_1_157' title='bbox 1920 2036 2059 2121; x_wconf 85' lang='lat' dir='ltr'><strong>(Ep.</strong></span> <span class='ocrx_word' id='word_1_158' title='bbox 2080 2036 2261 2119; x_wconf 80' lang='lat' dir='ltr'><strong>cvn.)</strong></span> 
     </span>
    </p>
   </div>
   <div class='ocr_carea' id='block_1_6' title="bbox 706 2282 1653 2348">
    <p class='ocr_par' dir='ltr' id='par_1_6' title="bbox 706 2282 1653 2348">
     <span class='ocr_line' id='line_1_17' title="bbox 706 2282 1653 2348; baseline -0.002 0"><span class='ocrx_word' id='word_1_159' title='bbox 706 2282 1334 2348; x_wconf 75' lang='lat' dir='ltr'>DISSERTATIO</span> <span class='ocrx_word' id='word_1_160' title='bbox 1374 2285 1653 2348; x_wconf 82' lang='lat' dir='ltr'><strong>xv111.</strong></span> 
     </span>
    </p>
   </div>
   <div class='ocr_carea' id='block_1_7' title="bbox 111 2415 2263 2650">
    <p class='ocr_par' dir='ltr' id='par_1_7' title="bbox 111 2415 2263 2650">
     <span class='ocr_line' id='line_1_18' title="bbox 111 2415 2263 2533; baseline -0 -27"><span class='ocrx_word' id='word_1_161' title='bbox 111 2445 321 2506; x_wconf 70' lang='lat' dir='ltr'><strong>Genios</strong></span> <span class='ocrx_word' id='word_1_162' title='bbox 346 2443 518 2505; x_wconf 71' lang='lat' dir='ltr'><strong>etiam</strong></span> <span class='ocrx_word' id='word_1_163' title='bbox 546 2467 665 2504; x_wconf 81' lang='lat' dir='ltr'><strong>esse</strong></span> <span class='ocrx_word' id='word_1_164' title='bbox 685 2492 699 2513; x_wconf 86' lang='lat'>‚</span> <span class='ocrx_word' id='word_1_165' title='bbox 739 2441 855 2504; x_wconf 76' lang='lat' dir='ltr'><strong>Dei</strong></span> <span class='ocrx_word' id='word_1_166' title='bbox 876 2445 934 2504; x_wconf 68' lang='lat' dir='ltr'><strong>el</strong></span> <span class='ocrx_word' id='word_1_167' title='bbox 956 2415 1325 2504; x_wconf 53' lang='lat' dir='ltr'><strong>Prnoztlentioe</strong></span> <span class='ocrx_word' id='word_1_168' title='bbox 1356 2441 1681 2518; x_wconf 50' lang='lat' dir='ltr'><strong>ministr-ou</strong></span> <span class='ocrx_word' id='word_1_169' title='bbox 1704 2463 1891 2533; x_wconf 62' lang='lat' dir='ltr'><strong>eurum</strong></span> <span class='ocrx_word' id='word_1_170' title='bbox 1927 2465 2131 2522; x_wconf 77' lang='lat' dir='ltr'><strong>genera</strong></span> <span class='ocrx_word' id='word_1_171' title='bbox 2156 2489 2173 2522; x_wconf 89' lang='lat'>,</span> <span class='ocrx_word' id='word_1_172' title='bbox 2208 2451 2263 2505; x_wconf 65' lang='lat' dir='ltr'><strong>et</strong></span> 
     </span>
     <span class='ocr_line' id='line_1_19' title="bbox 513 2547 1851 2650; baseline 0 -40"><span class='ocrx_word' id='word_1_173' title='bbox 513 2551 670 2610; x_wconf 78' lang='lat' dir='ltr'><strong>sedes</strong></span> <span class='ocrx_word' id='word_1_174' title='bbox 688 2597 703 2621; x_wconf 87' lang='lat'><em>,</em></span> <span class='ocrx_word' id='word_1_175' title='bbox 740 2571 813 2610; x_wconf 85' lang='lat' dir='ltr'><strong>ac</strong></span> <span class='ocrx_word' id='word_1_176' title='bbox 835 2550 907 2609; x_wconf 87' lang='lat' dir='ltr'><strong>de</strong></span> <span class='ocrx_word' id='word_1_177' title='bbox 935 2547 1219 2650; x_wconf 49' lang='lat' dir='ltr'><strong>Hefuibus</strong></span> <span class='ocrx_word' id='word_1_178' title='bbox 1237 2551 1424 2628; x_wconf 77' lang='lat' dir='ltr'><strong>primo</strong></span> <span class='ocrx_word' id='word_1_179' title='bbox 1447 2597 1461 2620; x_wconf 86' lang='lat'>,</span> <span class='ocrx_word' id='word_1_180' title='bbox 1489 2547 1851 2634; x_wconf 78' lang='lat' dir='ltr'><strong>Laribusque.</strong></span> 
     </span>
    </p>
   </div>
   <div class='ocr_carea' id='block_1_8' title="bbox 119 2735 2294 4197">
    <p class='ocr_par' dir='ltr' id='par_1_8' title="bbox 119 2735 2294 4197">
     <span class='ocr_line' id='line_1_20' title="bbox 201 2735 2258 2819; baseline 0 -20"><span class='ocrx_word' id='word_1_181' title='bbox 201 2739 372 2799; x_wconf 75' lang='lat' dir='ltr'><strong>Dnm</strong></span> <span class='ocrx_word' id='word_1_182' title='bbox 406 2755 736 2819; x_wconf 80' lang='lat' dir='ltr'><strong>supremum</strong></span> <span class='ocrx_word' id='word_1_183' title='bbox 757 2779 774 2810; x_wconf 93' lang='lat'>‚</span> <span class='ocrx_word' id='word_1_184' title='bbox 811 2749 868 2796; x_wconf 84' lang='lat' dir='ltr'><strong>et</strong></span> <span class='ocrx_word' id='word_1_185' title='bbox 897 2736 1125 2811; x_wconf 46' lang='lat' dir='ltr'><strong>diuina,</strong></span> <span class='ocrx_word' id='word_1_186' title='bbox 1157 2735 1409 2796; x_wconf 79' lang='lat' dir='ltr'><strong>vidimus</strong></span> <span class='ocrx_word' id='word_1_187' title='bbox 1441 2759 1457 2796; x_wconf 73' lang='grc' dir='ltr'><strong>ι</strong></span> <span class='ocrx_word' id='word_1_188' title='bbox 1490 2737 1566 2797; x_wconf 89' lang='lat' dir='ltr'><strong>ad</strong></span> <span class='ocrx_word' id='word_1_189' title='bbox 1586 2737 1901 2797; x_wconf 85' lang='lat' dir='ltr'><strong>ministeria</strong></span> <span class='ocrx_word' id='word_1_190' title='bbox 1926 2737 2049 2817; x_wconf 83' lang='lat' dir='ltr'><strong>ejus</strong></span> <span class='ocrx_word' id='word_1_191' title='bbox 2074 2741 2223 2800; x_wconf 85' lang='lat' dir='ltr'><strong>imus</strong></span> <span class='ocrx_word' id='word_1_192' title='bbox 2241 2781 2258 2814; x_wconf 90' lang='lat'>,</span> 
     </span>
     <span class='ocr_line' id='line_1_21' title="bbox 119 2839 2263 2925; baseline 0 -21"><span class='ocrx_word' id='word_1_193' title='bbox 119 2847 242 2904; x_wconf 78' lang='lat' dir='ltr'><strong>sive</strong></span> <span class='ocrx_word' id='word_1_194' title='bbox 269 2843 480 2904; x_wconf 83' lang='lat' dir='ltr'><strong>Genios</strong></span> <span class='ocrx_word' id='word_1_195' title='bbox 496 2888 514 2918; x_wconf 89' lang='lat'><strong>,</strong></span> <span class='ocrx_word' id='word_1_196' title='bbox 549 2863 691 2924; x_wconf 84' lang='lat' dir='ltr'><strong>quos</strong></span> <span class='ocrx_word' id='word_1_197' title='bbox 719 2863 836 2902; x_wconf 84' lang='lat' dir='ltr'><strong>non</strong></span> <span class='ocrx_word' id='word_1_198' title='bbox 871 2843 1146 2902; x_wconf 85' lang='lat' dir='ltr'><strong>auxilium</strong></span> <span class='ocrx_word' id='word_1_199' title='bbox 1188 2839 1366 2924; x_wconf 83' lang='lat' dir='ltr'><strong>(quid</strong></span> <span class='ocrx_word' id='word_1_200' title='bbox 1408 2861 1551 2922; x_wconf 87' lang='lat' dir='ltr'><strong>opus</strong></span> <span class='ocrx_word' id='word_1_201' title='bbox 1596 2855 1717 2903; x_wconf 80' lang='lat' dir='ltr'><strong>erat</strong></span> <span class='ocrx_word' id='word_1_202' title='bbox 1726 2839 1778 2925; x_wconf 66' lang='grc' dir='ltr'><strong>ἲ)</strong></span> <span class='ocrx_word' id='word_1_203' title='bbox 1816 2843 1920 2903; x_wconf 86' lang='lat' dir='ltr'><strong>sed</strong></span> <span class='ocrx_word' id='word_1_204' title='bbox 1953 2867 2263 2905; x_wconf 84' lang='lat' dir='ltr'><strong>ornamen-</strong></span> 
     </span>
     <span class='ocr_line' id='line_1_22' title="bbox 123 2947 2267 3030; baseline 0 -19"><span class='ocrx_word' id='word_1_205' title='bbox 123 2965 246 3011; x_wconf 82' lang='lat' dir='ltr'><strong>tum</strong></span> <span class='ocrx_word' id='word_1_206' title='bbox 275 2991 291 3025; x_wconf 89' lang='lat'>,</span> <span class='ocrx_word' id='word_1_207' title='bbox 327 2963 384 3010; x_wconf 86' lang='lat' dir='ltr'><strong>et</strong></span> <span class='ocrx_word' id='word_1_208' title='bbox 423 2949 694 3010; x_wconf 74' lang='lat' dir='ltr'><strong>testanda:</strong></span> <span class='ocrx_word' id='word_1_209' title='bbox 731 2947 1012 3022; x_wconf 83' lang='lat' dir='ltr'><strong>bonitati,</strong></span> <span class='ocrx_word' id='word_1_210' title='bbox 1059 2950 1177 3008; x_wconf 81' lang='lat' dir='ltr'><strong>sive</strong></span> <span class='ocrx_word' id='word_1_211' title='bbox 1221 2947 1603 3030; x_wconf 83' lang='lat' dir='ltr'><strong>magnitudini</strong></span> <span class='ocrx_word' id='word_1_212' title='bbox 1638 2992 1655 3022; x_wconf 85' lang='lat'>,</span> <span class='ocrx_word' id='word_1_213' title='bbox 1706 2951 2030 3030; x_wconf 82' lang='lat' dir='ltr'><strong>assumpsit.</strong></span> <span class='ocrx_word' id='word_1_214' title='bbox 2078 2951 2267 3030; x_wconf 82' lang='lat' dir='ltr'><strong>Atque</strong></span> 
     </span>
     <span class='ocr_line' id='line_1_23' title="bbox 125 3053 2271 3135; baseline -0.001 -18"><span class='ocrx_word' id='word_1_215' title='bbox 125 3058 293 3118; x_wconf 83' lang='lat' dir='ltr'><strong>etiam</strong></span> <span class='ocrx_word' id='word_1_216' title='bbox 313 3054 572 3116; x_wconf 82' lang='lat' dir='ltr'><strong>ordinem</strong></span> <span class='ocrx_word' id='word_1_217' title='bbox 594 3055 918 3135; x_wconf 77' lang='lat' dir='ltr'><strong>assumpsit.</strong></span> <span class='ocrx_word' id='word_1_218' title='bbox 942 3053 1089 3112; x_wconf 85' lang='lat' dir='ltr'><strong>Nam</strong></span> <span class='ocrx_word' id='word_1_219' title='bbox 1115 3073 1294 3133; x_wconf 86' lang='lat' dir='ltr'><strong>quum</strong></span> <span class='ocrx_word' id='word_1_220' title='bbox 1328 3079 1357 3106; x_wconf 77' lang='grc' dir='ltr'><strong>ιι</strong></span> <span class='ocrx_word' id='word_1_221' title='bbox 1384 3053 1641 3114; x_wconf 83' lang='lat' dir='ltr'><strong>Mundus</strong></span> <span class='ocrx_word' id='word_1_222' title='bbox 1661 3053 1915 3114; x_wconf 83' lang='lat' dir='ltr'><strong>Deorum</strong></span> <span class='ocrx_word' id='word_1_223' title='bbox 1940 3053 2271 3114; x_wconf 85' lang='lat' dir='ltr'><strong>hominnm-</strong></span> 
     </span>
     <span class='ocr_line' id='line_1_24' title="bbox 128 3141 2270 3246; baseline -0 -24"><span class='ocrx_word' id='word_1_224' title='bbox 128 3185 242 3246; x_wconf 86' lang='lat' dir='ltr'><strong>que</strong></span> <span class='ocrx_word' id='word_1_225' title='bbox 270 3165 340 3224; x_wconf 83' lang='lat' dir='ltr'><strong>sit</strong></span> <span class='ocrx_word' id='word_1_226' title='bbox 363 3164 601 3237; x_wconf 75' lang='lat' dir='ltr'><strong>civitas,</strong></span> <span class='ocrx_word' id='word_1_227' title='bbox 635 3187 664 3216; x_wconf 69' lang='lat' dir='ltr'><strong>a</strong></span> <span class='ocrx_word' id='word_1_228' title='bbox 695 3173 762 3222; x_wconf 90' lang='lat' dir='ltr'><strong>ut</strong></span> <span class='ocrx_word' id='word_1_229' title='bbox 787 3159 988 3220; x_wconf 82' lang='lat' dir='ltr'><strong>Stoicis</strong></span> <span class='ocrx_word' id='word_1_230' title='bbox 1021 3141 1209 3239; x_wconf 76' lang='lat' dir='ltr'><strong>placet</strong></span> <span class='ocrx_word' id='word_1_231' title='bbox 1241 3179 1257 3216; x_wconf 71' lang='grc' dir='ltr'><em>ε</em></span> <span class='ocrx_word' id='word_1_232' title='bbox 1288 3159 1557 3219; x_wconf 82' lang='lat' dir='ltr'><strong>decorum</strong></span> <span class='ocrx_word' id='word_1_233' title='bbox 1591 3173 1648 3219; x_wconf 85' lang='lat' dir='ltr'><strong>et</strong></span> <span class='ocrx_word' id='word_1_234' title='bbox 1674 3159 1814 3220; x_wconf 80' lang='lat' dir='ltr'><strong>ordo</strong></span> <span class='ocrx_word' id='word_1_235' title='bbox 1842 3159 2025 3219; x_wconf 79' lang='lat' dir='ltr'><strong>voluit</strong></span> <span class='ocrx_word' id='word_1_236' title='bbox 2054 3161 2270 3242; x_wconf 86' lang='lat' dir='ltr'><strong>ubique</strong></span> 
     </span>
     <span class='ocr_line' id='line_1_25' title="bbox 133 3261 2276 3348; baseline -0.002 -17"><span class='ocrx_word' id='word_1_237' title='bbox 133 3291 262 3330; x_wconf 79' lang='lat' dir='ltr'><strong>eum</strong></span> <span class='ocrx_word' id='word_1_238' title='bbox 281 3271 427 3340; x_wconf 83' lang='lat' dir='ltr'><strong>coli;</strong></span> <span class='ocrx_word' id='word_1_239' title='bbox 462 3281 520 3329; x_wconf 81' lang='lat' dir='ltr'><strong>et</strong></span> <span class='ocrx_word' id='word_1_240' title='bbox 547 3269 662 3328; x_wconf 85' lang='lat' dir='ltr'><strong>ab</strong></span> <span class='ocrx_word' id='word_1_241' title='bbox 643 3269 746 3341; x_wconf 78' lang='lat' dir='ltr'><strong>iis,</strong></span> <span class='ocrx_word' id='word_1_242' title='bbox 779 3267 878 3348; x_wconf 80' lang='lat' dir='ltr'><strong>qui</strong></span> <span class='ocrx_word' id='word_1_243' title='bbox 908 3261 1177 3348; x_wconf 83' lang='lat' dir='ltr'><strong>gradibus</strong></span> <span class='ocrx_word' id='word_1_244' title='bbox 1201 3277 1258 3324; x_wconf 85' lang='lat' dir='ltr'><strong>et</strong></span> <span class='ocrx_word' id='word_1_245' title='bbox 1278 3265 1555 3347; x_wconf 81' lang='lat' dir='ltr'><strong>dignitate</strong></span> <span class='ocrx_word' id='word_1_246' title='bbox 1582 3263 2088 3348; x_wconf 80' lang='lat' dir='ltr'><strong>distinguerentur.</strong></span> <span class='ocrx_word' id='word_1_247' title='bbox 2116 3265 2276 3328; x_wconf 85' lang='lat' dir='ltr'><strong>Plato</strong></span> 
     </span>
     <span class='ocr_line' id='line_1_26' title="bbox 137 3354 2279 3456; baseline -0.002 -20"><span class='ocrx_word' id='word_1_248' title='bbox 137 3389 198 3436; x_wconf 85' lang='lat' dir='ltr'><strong>et</strong></span> <span class='ocrx_word' id='word_1_249' title='bbox 219 3375 482 3436; x_wconf 79' lang='lat' dir='ltr'><strong>Platonici</strong></span> <span class='ocrx_word' id='word_1_250' title='bbox 509 3395 682 3456; x_wconf 82' lang='lat' dir='ltr'><strong>quam</strong></span> <span class='ocrx_word' id='word_1_251' title='bbox 707 3374 885 3432; x_wconf 87' lang='lat' dir='ltr'><strong>multa</strong></span> <span class='ocrx_word' id='word_1_252' title='bbox 913 3372 986 3432; x_wconf 85' lang='lat' dir='ltr'><strong>de</strong></span> <span class='ocrx_word' id='word_1_253' title='bbox 1009 3371 1173 3441; x_wconf 80' lang='lat' dir='ltr'><strong>istis3</strong></span> <span class='ocrx_word' id='word_1_254' title='bbox 1198 3371 1302 3431; x_wconf 89' lang='lat' dir='ltr'><strong>sed</strong></span> <span class='ocrx_word' id='word_1_255' title='bbox 1318 3371 1460 3430; x_wconf 79' lang='lat' dir='ltr'><strong>mihi</strong></span> <span class='ocrx_word' id='word_1_256' title='bbox 1482 3369 1642 3431; x_wconf 87' lang='lat' dir='ltr'><strong>lubet</strong></span> <span class='ocrx_word' id='word_1_257' title='bbox 1671 3385 1729 3431; x_wconf 87' lang='lat' dir='ltr'><strong>et</strong></span> <span class='ocrx_word' id='word_1_258' title='bbox 1754 3354 2023 3431; x_wconf 77' lang='lat' dir='ltr'><strong>convenit</strong></span> <span class='ocrx_word' id='word_1_259' title='bbox 2049 3373 2109 3431; x_wconf 89' lang='lat' dir='ltr'><strong>in</strong></span> <span class='ocrx_word' id='word_1_260' title='bbox 2135 3373 2279 3433; x_wconf 87' lang='lat' dir='ltr'>Por-</span> 
     </span>
     <span class='ocr_line' id='line_1_27' title="bbox 137 3475 2271 3563; baseline -0.002 -20"><span class='ocrx_word' id='word_1_261' title='bbox 137 3483 518 3544; x_wconf 67' lang='lat' dir='ltr'><strong>ficulni-ere.</strong></span> <span class='ocrx_word' id='word_1_262' title='bbox 501 3503 670 3562; x_wconf 74' lang='lat' dir='ltr'><strong>.quae</strong></span> <span class='ocrx_word' id='word_1_263' title='bbox 689 3482 766 3540; x_wconf 84' lang='lat' dir='ltr'><strong>ita</strong></span> <span class='ocrx_word' id='word_1_264' title='bbox 799 3479 1060 3540; x_wconf 79' lang='lat' dir='ltr'><strong>definivit</strong></span> <span class='ocrx_word' id='word_1_265' title='bbox 1085 3475 1280 3562; x_wconf 83' lang='lat' dir='ltr'><strong>(apud</strong></span> <span class='ocrx_word' id='word_1_266' title='bbox 1307 3479 1550 3562; x_wconf 77' lang='lat' dir='ltr'><strong>August.</strong></span> <span class='ocrx_word' id='word_1_267' title='bbox 1579 3477 1699 3538; x_wconf 80' lang='lat' dir='ltr'><strong>VII</strong></span> <span class='ocrx_word' id='word_1_268' title='bbox 1736 3477 1828 3539; x_wconf 90' lang='lat' dir='ltr'><strong>De</strong></span> <span class='ocrx_word' id='word_1_269' title='bbox 1859 3475 2029 3538; x_wconf 82' lang='lat' dir='ltr'><strong>civit.</strong></span> <span class='ocrx_word' id='word_1_270' title='bbox 2060 3501 2113 3538; x_wconf 88' lang='lat' dir='ltr'><strong>c.</strong></span> <span class='ocrx_word' id='word_1_271' title='bbox 2154 3477 2271 3563; x_wconf 87' lang='grc'><strong>6),</strong></span> 
     </span>
     <span class='ocr_line' id='line_1_28' title="bbox 140 3585 2282 3667; baseline -0.001 -17"><span class='ocrx_word' id='word_1_272' title='bbox 140 3589 404 3650; x_wconf 81' lang='lat' dir='ltr'><strong>Varronis</strong></span> <span class='ocrx_word' id='word_1_273' title='bbox 431 3588 648 3648; x_wconf 83' lang='lat' dir='ltr'><strong>verbis.</strong></span> <span class='ocrx_word' id='word_1_274' title='bbox 687 3587 1028 3647; x_wconf 68' lang='lat' dir='ltr'><strong>«Mundum</strong></span> <span class='ocrx_word' id='word_1_275' title='bbox 1059 3585 1288 3646; x_wconf 80' lang='lat' dir='ltr'><strong>dividi</strong></span> <span class='ocrx_word' id='word_1_276' title='bbox 1271 3605 1331 3645; x_wconf 88' lang='grc' dir='ltr'><strong>ιιι</strong></span> <span class='ocrx_word' id='word_1_277' title='bbox 1364 3585 1505 3646; x_wconf 88' lang='lat' dir='ltr'><strong>duas</strong></span> <span class='ocrx_word' id='word_1_278' title='bbox 1539 3595 1761 3667; x_wconf 85' lang='lat' dir='ltr'><strong>partes,</strong></span> <span class='ocrx_word' id='word_1_279' title='bbox 1798 3585 2009 3646; x_wconf 83' lang='lat' dir='ltr'><strong>Caelum</strong></span> <span class='ocrx_word' id='word_1_280' title='bbox 2042 3599 2101 3647; x_wconf 86' lang='lat' dir='ltr'><strong>et</strong></span> <span class='ocrx_word' id='word_1_281' title='bbox 2127 3585 2282 3647; x_wconf 87' lang='lat' dir='ltr'><strong>Ter·-</strong></span> 
     </span>
     <span class='ocr_line' id='line_1_29' title="bbox 143 3691 2283 3770; baseline -0.003 -10"><span class='ocrx_word' id='word_1_282' title='bbox 143 3719 280 3760; x_wconf 79' lang='lat' dir='ltr'><strong>ram.</strong></span> <span class='ocrx_word' id='word_1_283' title='bbox 323 3695 400 3758; x_wconf 83' lang='lat' dir='ltr'><strong>Et</strong></span> <span class='ocrx_word' id='word_1_284' title='bbox 445 3696 657 3756; x_wconf 81' lang='lat' dir='ltr'><strong>Caelum</strong></span> <span class='ocrx_word' id='word_1_285' title='bbox 699 3693 998 3770; x_wconf 76' lang='lat' dir='ltr'><strong>bifariam,</strong></span> <span class='ocrx_word' id='word_1_286' title='bbox 1045 3695 1106 3753; x_wconf 86' lang='lat' dir='ltr'><strong>in</strong></span> <span class='ocrx_word' id='word_1_287' title='bbox 1151 3691 1386 3754; x_wconf 76' lang='lat' dir='ltr'><strong>AEthera</strong></span> <span class='ocrx_word' id='word_1_288' title='bbox 1428 3703 1485 3753; x_wconf 89' lang='lat' dir='ltr'><strong>et</strong></span> <span class='ocrx_word' id='word_1_289' title='bbox 1528 3697 1697 3754; x_wconf 76' lang='lat' dir='ltr'><strong>Aera.</strong></span> <span class='ocrx_word' id='word_1_290' title='bbox 1732 3695 1971 3754; x_wconf 83' lang='lat' dir='ltr'><strong>Terram</strong></span> <span class='ocrx_word' id='word_1_291' title='bbox 2002 3715 2174 3770; x_wconf 81' lang='lat' dir='ltr'><strong>vero,</strong></span> <span class='ocrx_word' id='word_1_292' title='bbox 2223 3697 2283 3754; x_wconf 93' lang='lat' dir='ltr'><strong>in</strong></span> 
     </span>
     <span class='ocr_line' id='line_1_30' title="bbox 145 3802 2288 3887; baseline -0.003 -20"><span class='ocrx_word' id='word_1_293' title='bbox 145 3809 356 3887; x_wconf 80' lang='lat' dir='ltr'><strong>Aquam</strong></span> <span class='ocrx_word' id='word_1_294' title='bbox 380 3817 440 3865; x_wconf 87' lang='lat' dir='ltr'><strong>et</strong></span> <span class='ocrx_word' id='word_1_295' title='bbox 463 3805 747 3864; x_wconf 76' lang='lat' dir='ltr'><strong>Humum.</strong></span> <span class='ocrx_word' id='word_1_296' title='bbox 774 3803 929 3877; x_wconf 88' lang='lat' dir='ltr'><strong>Quas</strong></span> <span class='ocrx_word' id='word_1_297' title='bbox 951 3821 1151 3862; x_wconf 89' lang='lat' dir='ltr'><strong>omnes</strong></span> <span class='ocrx_word' id='word_1_298' title='bbox 1173 3815 1419 3883; x_wconf 83' lang='lat' dir='ltr'><strong>quatuor</strong></span> <span class='ocrx_word' id='word_1_299' title='bbox 1448 3815 1638 3885; x_wconf 83' lang='lat' dir='ltr'><strong>partes</strong></span> <span class='ocrx_word' id='word_1_300' title='bbox 1659 3805 1977 3864; x_wconf 79' lang='lat' dir='ltr'><strong>animarum</strong></span> <span class='ocrx_word' id='word_1_301' title='bbox 2006 3822 2129 3861; x_wconf 87' lang='lat' dir='ltr'><strong>esse</strong></span> <span class='ocrx_word' id='word_1_302' title='bbox 2154 3802 2288 3883; x_wconf 82' lang='lat' dir='ltr'><strong>ple-</strong></span> 
     </span>
     <span class='ocr_line' id='line_1_31' title="bbox 147 3906 2290 3990; baseline -0.004 -16"><span class='ocrx_word' id='word_1_303' title='bbox 147 3933 246 3974; x_wconf 80' lang='lat' dir='ltr'><strong>nas</strong></span> <span class='ocrx_word' id='word_1_304' title='bbox 275 3935 292 3970; x_wconf 73' lang='grc' dir='ltr'><strong>ι</strong></span> <span class='ocrx_word' id='word_1_305' title='bbox 315 3913 376 3971; x_wconf 92' lang='lat' dir='ltr'><strong>in</strong></span> <span class='ocrx_word' id='word_1_306' title='bbox 403 3907 636 3972; x_wconf 78' lang='lat' dir='ltr'><strong>AEtbere</strong></span> <span class='ocrx_word' id='word_1_307' title='bbox 666 3921 724 3970; x_wconf 83' lang='lat' dir='ltr'><strong>et</strong></span> <span class='ocrx_word' id='word_1_308' title='bbox 751 3909 902 3970; x_wconf 79' lang='lat' dir='ltr'><strong>Aere</strong></span> <span class='ocrx_word' id='word_1_309' title='bbox 920 3953 937 3983; x_wconf 86' lang='lat'>,</span> <span class='ocrx_word' id='word_1_310' title='bbox 965 3907 1409 3980; x_wconf 86' lang='lat' dir='ltr'><strong>immortalium;</strong></span> <span class='ocrx_word' id='word_1_311' title='bbox 1442 3906 1503 3967; x_wconf 89' lang='lat' dir='ltr'><strong>in</strong></span> <span class='ocrx_word' id='word_1_312' title='bbox 1535 3909 1701 3990; x_wconf 83' lang='lat' dir='ltr'><strong>Aqua</strong></span> <span class='ocrx_word' id='word_1_313' title='bbox 1731 3921 1789 3968; x_wconf 85' lang='lat' dir='ltr'><strong>et</strong></span> <span class='ocrx_word' id='word_1_314' title='bbox 1810 3907 1993 3968; x_wconf 84' lang='lat' dir='ltr'><strong>Terra</strong></span> <span class='ocrx_word' id='word_1_315' title='bbox 2012 3951 2029 3982; x_wconf 94' lang='lat'>‚</span> <span class='ocrx_word' id='word_1_316' title='bbox 2064 3917 2290 3967; x_wconf 85' lang='lat' dir='ltr'><strong>morta-</strong></span> 
     </span>
     <span class='ocr_line' id='line_1_32' title="bbox 147 4007 2287 4090; baseline -0.003 -15"><span class='ocrx_word' id='word_1_317' title='bbox 147 4016 303 4075; x_wconf 83' lang='lat' dir='ltr'><strong>lium.</strong></span> <span class='ocrx_word' id='word_1_318' title='bbox 351 4011 402 4070; x_wconf 77' lang='lat' dir='ltr'>A</span> <span class='ocrx_word' id='word_1_319' title='bbox 440 4033 664 4073; x_wconf 80' lang='lat' dir='ltr'><strong>summo</strong></span> <span class='ocrx_word' id='word_1_320' title='bbox 709 4023 900 4071; x_wconf 80' lang='lat' dir='ltr'><strong>autem</strong></span> <span class='ocrx_word' id='word_1_321' title='bbox 947 4009 1189 4068; x_wconf 77' lang='lat' dir='ltr'><strong>circuitu</strong></span> <span class='ocrx_word' id='word_1_322' title='bbox 1226 4009 1347 4067; x_wconf 75' lang='lat' dir='ltr'><strong>caeli</strong></span> <span class='ocrx_word' id='word_1_323' title='bbox 1362 4052 1379 4082; x_wconf 85' lang='lat'>,</span> <span class='ocrx_word' id='word_1_324' title='bbox 1424 4029 1609 4090; x_wconf 83' lang='lat' dir='ltr'><strong>usque</strong></span> <span class='ocrx_word' id='word_1_325' title='bbox 1650 4009 1723 4069; x_wconf 88' lang='lat' dir='ltr'><strong>ad</strong></span> <span class='ocrx_word' id='word_1_326' title='bbox 1755 4009 2032 4068; x_wconf 84' lang='lat' dir='ltr'><strong>circulum</strong></span> <span class='ocrx_word' id='word_1_327' title='bbox 2062 4007 2235 4068; x_wconf 60' lang='lat' dir='ltr'><strong>Luna!</strong></span> <span class='ocrx_word' id='word_1_328' title='bbox 2270 4053 2287 4084; x_wconf 94' lang='lat'>‚</span> 
     </span>
     <span class='ocr_line' id='line_1_33' title="bbox 151 4113 2294 4197; baseline -0.002 -15"><span class='ocrx_word' id='word_1_329' title='bbox 151 4119 436 4187; x_wconf 80' lang='lat' dir='ltr'><strong>AEthereas</strong></span> <span class='ocrx_word' id='word_1_330' title='bbox 467 4120 686 4180; x_wconf 81' lang='lat' dir='ltr'><strong>animas</strong></span> <span class='ocrx_word' id='word_1_331' title='bbox 717 4139 839 4179; x_wconf 81' lang='lat' dir='ltr'><strong>esse</strong></span> <span class='ocrx_word' id='word_1_332' title='bbox 857 4161 874 4194; x_wconf 94' lang='lat'><strong>,</strong></span> <span class='ocrx_word' id='word_1_333' title='bbox 907 4117 1073 4176; x_wconf 81' lang='lat' dir='ltr'><strong>Astra</strong></span> <span class='ocrx_word' id='word_1_334' title='bbox 1104 4135 1170 4174; x_wconf 81' lang='lat' dir='ltr'><strong>ae</strong></span> <span class='ocrx_word' id='word_1_335' title='bbox 1202 4113 1403 4174; x_wconf 83' lang='lat' dir='ltr'><strong>Stellas</strong></span> <span class='ocrx_word' id='word_1_336' title='bbox 1422 4158 1440 4190; x_wconf 90' lang='lat'>‚</span> <span class='ocrx_word' id='word_1_337' title='bbox 1470 4135 1683 4197; x_wconf 80' lang='lat' dir='ltr'><strong>eosque</strong></span> <span class='ocrx_word' id='word_1_338' title='bbox 1712 4115 1974 4176; x_wconf 65' lang='lat' dir='ltr'><strong>celestes</strong></span> <span class='ocrx_word' id='word_1_339' title='bbox 1999 4115 2153 4178; x_wconf 77' lang='lat' dir='ltr'><strong>Deos</strong></span> <span class='ocrx_word' id='word_1_340' title='bbox 2179 4135 2294 4178; x_wconf 85' lang='lat' dir='ltr'><strong>non</strong></span> 
     </span>
    </p>
   </div>
  </div>
 </body>
</html>
