2667 4475
432 343 936 472 PHXSIOL.
976 384 1480 456 s’Tolcoa.
1535 387 1730 454 Lm.
1781 383 1866 454 1.-·
2073 390 2202 455 515

65 538 148 594 eis
176 534 255 594 de
278 532 441 594 verbi
476 531 858 592 controversia
890 529 1222 591 certandum
1264 543 1438 614 atque
1466 528 1840 590 laborandum
1867 542 1956 590 est
1979 553 1994 588 =
2021 549 2211 612 quan-

64 640 381 721 ‹loquidem
428 640 619 721 ipsum
661 657 957 697 carnarum
994 637 1253 698 ordinem
1301 649 1360 696 et
1404 637 1712 718 quamdam
1751 639 2164 699 connexionem
2188 682 2206 712 ‚

63 748 279 808 summi
302 746 395 806 dei
414 745 675 806 tribuunt
688 745 988 805 voluntati.
1015 770 1043 797 n
1066 743 1246 806 Addit
1260 745 1372 804 alia
1394 743 1570 827 (Eod.
1597 745 1701 805 lib.
1727 765 1858 826 cap.
1879 743 1968 830 9),
1999 759 2056 806 et
2076 745 2210 806 alibi

66 874 139 913 ex
162 855 291 934 ipso
308 851 525 912 Seneca
546 852 823 932 approbat
843 851 993 910 hane
1008 871 1207 911 eorum
1227 863 1476 910 mentem
1497 871 1641 911 esse.

692 1105 1333 1168 DISSERTATIO
1395 1108 1421 1164 Ι
1503 1105 1594 1165 11.

68 1282 427 1363 Objectz’ones
469 1289 662 1340 contra
706 1279 1127 1338 Providentiam
1162 1288 1221 1337 et
1254 1277 1578 1338 Bom'tatem
1624 1275 1742 1338 Dei
1771 1302 1790 1338 .·
1827 1281 2222 1362 quoesz‘tumquc

650 1387 855 1465 primo,
892 1385 1055 1445 Unde
1084 1383 1400 1444 Naturalia
1427 1386 1586 1444 mala
1606 1375 1644 1442 Ρ

152 1597 304 1654 Αω).
338 1595 566 1654 Attenta
596 1591 864 1674 equidem
892 1613 1029 1650 aure
1058 1591 1277 1670 jamdiu
1306 1591 1443 1650 bibo
1473 1614 1490 1649 ε
1519 1591 1624 1651 sed
1645 1590 1789 1674 quid
1816 1594 1864 1651 si
1891 1594 2084 1652 animo
2104 1615 2221 1652 non

62 1703 221 1762 nihil
240 1701 503 1762 renitenti
530 1699 703 1772 alibi,
734 1711 835 1758 aut
856 1719 1151 1756 assensum
1177 1711 1330 1758 certe
1355 1698 1660 1758 retinenti?
1689 1697 1834 1758 Nam
1861 1700 2078 1758 suntin
2103 1701 2225 1760 istis

63 1813 249 1892 spinae
279 1809 369 1868 vel
403 1808 623 1880 aculei,
658 1808 759 1890 qui
786 1819 1053 1888 pungunt
1082 1830 1099 1864 z
1130 1820 1188 1866 et
1217 1807 1321 1867 das
1351 1807 1493 1866 mihi
1521 1827 1753 1888 operam
1784 1809 1845 1867 in
1874 1807 2225 1868 evellendis?

64 1917 231 1977 ers.
266 1917 563 1976 Curiosum
594 1914 890 1997 ingenium
923 1913 1016 1972 hic
1046 1933 1339 1994 aspernor,
1370 1926 1438 1973 nt
1463 1933 1585 1974 rem
1611 1914 1799 1974 dicam
1826 1939 1842 1974 ε
1869 1928 1928 1975 et
1950 1937 2084 1975 cum
2103 1917 2227 1976 Da-

60 2044 338 2083 mascene
358 2038 620 2082 moneam
642 2017 812 2101 (Lib.
843 2018 904 2078 11
931 2017 1061 2079 Fid.
1095 2017 1258 2078 Orth.
1286 2041 1416 2101 cap.
1447 2018 1570 2105 29)
1599 2043 1616 2078 ε
1647 2019 1898 2081 «Omnia
1919 2021 2221 2094 admirari,

60 2131 263 2188 omnia
278 2129 533 2202 laudare,
558 2128 749 2188 omnia
770 2127 895 2186 sine
912 2127 1281 2208 inquisitione
1302 2129 1594 2208 suscipere
1617 2127 1992 2190 Providentiae
2013 2151 2222 2210 open-213

58 2239 293 2297 etiamsi
318 2238 513 2297 multis
540 2237 749 2316 injusta
770 2233 1113 2307 videantur3
1142 2235 1279 2317 quia
1298 2235 1517 2295 seilicet
1545 2238 1740 2317 ignota
1767 2250 1854 2297 est
1872 2280 1888 2310 ,
1921 2238 2038 2295 imo
2063 2258 2226 2295 eom·-

58 2344 352 2426 prebendi
378 2345 543 2403 nobis
568 2344 853 2425 impotens
879 2341 1073 2401 divina
1102 2341 1486 2402 Providentia.
1507 2368 1537 2394 »
1566 2342 1760 2402 Audin
1783 2386 1800 2416 ,
1832 2344 1939 2402 hoc
1969 2354 2027 2402 et
2051 2345 2226 2402 tutius

56 2454 433 2533 sanctiusque
478 2452 559 2510 sic
608 2450 775 2511 esse?
808 2449 1037 2530 Alioqui
1080 2446 1319 2531 pelagus
1352 2462 1470 2522 est,
1517 2460 1582 2507 ut
1608 2447 1730 2509 dixi
1761 2473 1780 2508 ε
1813 2461 1870 2509 et
1899 2450 2226 2529 cymbulam

58 2558 291 2640 ingenii
311 2558 359 2616 si
382 2557 672 2629 immittis,
704 2556 1002 2615 fluctuabit
1023 2599 1041 2629 ,
1069 2568 1169 2613 aut
1194 2568 1434 2637 merget.
1468 2556 1618 2616 Am).
1655 2556 1951 2616 Curiosum
1979 2557 2230 2638 inquisi-

56 2666 286 2723 tionem
314 2676 505 2723 tecum
540 2662 743 2723 abdico
772 2685 791 2721 ε
814 2661 920 2723 sed
950 2682 1078 2743 qua
1108 2643 1297 2743 prima
1323 2661 1513 2722 fronte
1543 2663 1808 2723 omnibus
1839 2677 2147 2724 occurrunt
2171 2677 2230 2725 et

56 2768 376 2830 obturbant
390 2814 406 2844 ‚
434 2792 561 2852 quae
580 2766 753 2851 eulpa
773 2770 849 2828 sit
868 2790 963 2829 me
984 2770 1235 2851 attigisse
1252 2812 1268 2843 ,
1292 2782 1350 2830 te
1371 2770 1680 2849 rejecisse?
1713 2770 1914 2853 Neque
1937 2772 2090 2831 enim
2117 2770 2228 2832 alio

57 2880 186 2937 fine
230 2898 418 2959 qnaero
464 2902 481 2935 ε
526 2852 593 2938 αεὶι
624 2876 828 2937 favebo
870 2870 1139 2959 equidem
1172 2876 1285 2936 Dei
1316 2898 1550 2937 eausam
1596 2880 1808 2959 agenti.
1859 2878 1970 2937 Dic
2011 2880 2188 2961 igitur
2206 2925 2222 2955 ‚

56 2984 276 3055 sodes3
306 2986 355 3042 si
377 3006 411 3043 a
444 2983 807 3044 vaidentia
834 2996 892 3043 et
918 3004 951 3042 a
982 2984 1107 3043 Deo
1134 2985 1335 3043 omnia
1353 2984 1505 3043 bona
1526 3008 1545 3043 ε
1564 2984 1724 3045 unde
1745 2984 2000 3045 Monstra
2022 3030 2039 3058 ,
2069 2987 2228 3046 unde

56 3092 313 3151 Venena
330 3134 349 3164 ,
380 3101 441 3150 et
463 3088 639 3149 Noxae
667 3091 731 3148 in
759 3090 869 3149 isto
894 3090 1031 3149 orbe
1064 3090 1233 3149 sunt?
1254 3090 1428 3149 Unde
1450 3092 1511 3150 in
1531 3091 1838 3172 nobisipsis
1860 3093 2084 3151 interna
2107 3092 2226 3153 haec

56 3218 207 3257 vere
234 3194 382 3255 mala
400 3239 418 3270 ‚
452 3208 510 3255 et
534 3194 693 3255 Vitia
728 3216 794 3255 ac
826 3207 1016 3275 pestes
1058 3196 1422 3255 animorum?
1451 3196 1580 3277 quis
1615 3198 1813 3279 genuit
1831 3241 1847 3271 ,
1883 3198 2012 3279 quis
2043 3200 2230 3260 susti-

56 3305 201 3363 nuit
232 3314 301 3362 et·
318 3302 603 3363 servavit?
635 3302 899 3382 Denique
934 3304 995 3361 in
1037 3303 1162 3383 ipsa
1210 3302 1624 3383 gubernatione
1643 3347 1662 3379 ‚
1707 3314 1922 3385 quanta
1955 3305 2227 3388 iniquitas

56 3408 349 3491 apparet?
374 3430 555 3489 quum
577 3408 714 3468 beni
732 3408 1031 3482 tolluntur,
1058 3420 1157 3469 aut
1181 3422 1556 3489 premuntur3
1579 3410 1715 3469 mali
1733 3412 1968 3485 vivunt,
1991 3413 2223 3495 vigent3

56 3529 125 3577 et
152 3516 389 3596 pra-‚mia
416 3537 485 3575 ae
514 3536 696 3596 poenae
724 3516 933 3595 injusta
962 3515 1275 3596 plurimum
1298 3517 1464 3577 lanee
1493 3530 1828 3598 pensantur.
1866 3518 2006 3579 Haee
2037 3542 2228 3601 quan-

56 3620 281 3679 tumvis
312 3620 573 3682 sedatum
614 3622 909 3703 ingenium
950 3622 1201 3684 excitent
1223 3666 1240 3699 ‚
1276 3624 1653 3705 compositum
1691 3626 1926 3688 turbent
1968 3650 1987 3688 ι
2025 3630 2228 3711 utique

56 3726 149 3787 sie
170 3728 233 3785 in
253 3728 447 3788 omlos
462 3746 777 3808 sensusque
792 3716 1139 3789 inminentia
1158 3773 1175 3803 ,
1198 3742 1259 3811 et
1278 3729 1626 3811 quotidianis
1643 3734 1921 3815 exemplis
1937 3744 2220 3816 prompta.

56 3834 327 3895 Remove
344 3878 363 3909 ,
387 3834 625 3896 obsecro
641 3879 657 3909 ‚
689 3834 953 3916 quamvis
972 3833 1086 3894 levi
1112 3855 1289 3895 manu
1313 3859 1331 3895 ε
1357 3848 1416 3896 et
1437 3837 1598 3919 quod
1621 3839 1832 3899 iterum
1854 3851 2050 3913 testor,
2083 3858 2228 3918 pro-

56 3958 213 3996 num
242 3940 319 4000 ad
348 3941 525 4002 finem
548 3960 647 4002 me
674 3942 825 4001 habe
854 3954 914 4002 et
944 3954 1297 4023 sequentem.
1330 3941 1486 4003 Lus.
1517 3944 1729 4005 Vetera
1745 3965 1941 4005 moves
1964 3989 1980 4019 ‚
2013 3957 2229 4002 remota

56 4043 353 4127 pleraque
397 4044 527 4106 aliis
544 4088 563 4122 ‚
592 4062 659 4107 et
684 4045 819 4108 alibi
863 4046 1001 4130 (De
1023 4046 1319 4107 Constant.
1346 4048 1371 4131 )
1397 4050 1509 4131 ipsi
1537 4050 1715 4121 mihi;
1751 4062 1906 4109 certe
1935 4051 1997 4107 in
2045 4060 2225 4130 parte.

56 4150 239 4213 Nune
270 4166 466 4219 tamen
489 4154 695 4218 ordine
713 4200 729 4232 ‚
764 4158 901 4238 quia
932 4156 1099 4219 valde
1128 4157 1215 4215 vis
1236 4200 1253 4229 ,
1293 4154 1498 4215 faciam
1525 4179 1543 4213 ε
1569 4154 1672 4219 sed
1707 4155 2047 4237 compendio
2064 4198 2082 4232 ,
2119 4176 2234 4238 qua
