2667 4475
772 297 831 364 E
877 297 1225 368 LIBRIS
1272 293 1725 364 SENECAE.
2183 293 2316 379 453

169 451 312 500 nec
340 427 565 498 aliena
600 428 894 496 mireris.
928 427 998 496 Si
1028 427 1512 496 continentiam
1542 426 1775 519 diligis
1795 473 1814 506 ‚
1849 426 2082 518 turpia.
2108 425 2324 516 fugito

171 557 541 634 antequam
574 539 923 621 accidant,
958 563 1085 608 nec
1119 563 1524 632 quemquam
1563 539 1768 608 alium
1799 536 2145 606 vereberis
2171 537 2326 631 plus

176 682 383 750 quam
426 673 521 724 te.
561 656 807 723 Omnia
849 653 1229 722 tolerabilia
1270 670 1521 748 praeter
1554 653 2049 750 turpitudinem
2085 652 2315 722 crede.

176 775 239 842 A
270 771 501 841 verbis
536 793 808 865 quoque
841 769 1155 864 turpibus
1179 768 1516 838 abstineto
1537 819 1555 853 ,
1594 769 1758 862 quia
1783 791 2018 837 eorum
2048 768 2328 838 licentia

178 887 710 982 imprudentiam
738 888 979 954 nutrit.
1007 887 1363 955 Sermones
1383 885 1586 952 utiles
1601 887 1817 978 magis
1843 907 2045 976 quam
2078 885 2328 953 facetos

178 1019 255 1073 et
284 1001 605 1071 amabiles
630 1026 777 1071 ama
797 1052 816 1087 ‚
856 1017 1075 1071 rectos
1100 1003 1327 1094 potius
1351 1025 1556 1094 quam
1583 999 2146 1069 obsecundantes.
2179 1001 2327 1068 Mi·-

178 1115 406 1183 scebis
439 1115 778 1184 interdum
815 1116 1011 1184 seriis
1028 1116 1261 1208 jocos,
1294 1112 1416 1185 sed
1448 1128 1892 1206 temperatos,
1925 1130 1995 1182 et
2019 1115 2168 1182 sine
2194 1111 2330 1181 de-

178 1233 503 1298 trimento
541 1228 894 1322 dignitatis
942 1253 1023 1298 ac
1067 1229 1540 1298 verecundiae..
1564 1231 1736 1296 Nam
1769 1227 2331 1323 reprehensibilis

185 1349 363 1415 risus
400 1360 503 1414 est
524 1395 543 1426 ,
588 1347 644 1412 si
681 1343 1084 1413 immodicus
1108 1396 1127 1426 ,
1170 1347 1228 1412 si
1264 1345 1624 1438 pueriliter
1658 1344 1950 1428 effusus,
1984 1346 2041 1415 si
2083 1344 2329 1414 mulie-

182 1463 405 1532 briter
428 1463 704 1530 fractus.
738 1460 1085 1531 Odibilem
1110 1485 1386 1554 quoque
1414 1462 1760 1530 hominem
1787 1461 1949 1533 facit
1977 1463 2180 1544 risus,
2215 1475 2334 1528 aut

184 1578 547 1672 superbus,
574 1592 692 1646 aut
716 1576 967 1660 clarus,
997 1594 1117 1653 aut
1140 1577 1478 1669 malignus
1503 1593 1570 1644 et
1599 1578 1916 1658 furtivus,
1949 1591 2067 1644 aut
2092 1576 2338 1647 alienis

183 1695 383 1763 malis
422 1709 765 1763 evocatus.
824 1694 896 1764 si
942 1717 1108 1787 ergo
1146 1694 1331 1788 ipsos
1363 1692 1554 1786 jocos
1596 1694 1850 1786 exigis,
1889 1693 2024 1764 boc
2069 1714 2344 1786 quoque

182 1835 345 1881 cum
370 1811 701 1905 dignitate
734 1811 1083 1904 sapientiae
1114 1832 1277 1904 gere
1293 1859 1316 1895 ,
1349 1825 1427 1878 ut
1453 1824 1518 1878 te
1545 1834 1676 1878 nec
1703 1825 1991 1902 gravent
2017 1824 2341 1901 tanquam

182 1949 503 2020 asperum
525 1975 547 2008 ,
586 1949 715 2000 nec
750 1940 1187 2010 contemnant
1225 1940 1547 2019 tanquam
1584 1925 1816 1994 vilem.
1851 1928 2008 1996 Non
2045 1926 2182 1994 erit
2217 1923 2340 1993 tibi

184 2041 595 2129 scurrilitas,
627 2040 748 2110 sed
776 2056 969 2134 grata
1000 2040 1380 2110 urbanitas.
1415 2040 1603 2110 Sales
1629 2041 1730 2109 tui
1763 2040 1900 2108 sint
1928 2041 2076 2114 sine
2105 2040 2336 2120 dente,

172 2160 321 2255 joci
342 2160 487 2227 sine
503 2159 766 2228 vilitate
786 2159 912 2249 (al.
929 2155 1284 2253 utilitate),
1307 2159 1486 2226 risus
1501 2159 1648 2226 sine
1668 2157 2032 2242 cachinno,
2047 2181 2174 2226 vox
2191 2159 2341 2226 sine

181 2279 509 2360 clamore,
532 2279 833 2351 incessus
854 2276 1319 2355 sine-tumultu
1336 2304 1356 2363 3
1376 2276 1572 2367 quies
1590 2272 1718 2341 tibi
1738 2297 1875 2341 non
1894 2272 2158 2343 desidia
2177 2276 2336 2357 erit;

186 2410 262 2463 et
289 2418 499 2486 quum
519 2392 606 2461 ab
632 2392 785 2460 aliis
815 2391 1100 2479 luditur,
1118 2405 1193 2465 tu
1220 2392 1432 2460 sancti
1461 2388 2150 2481 aliquid.honestique
2169 2404 2346 2455 trac-

185 2504 394 2575 tabis.
438 2508 513 2575 Si
546 2506 901 2575 continens
939 2528 1011 2573 es
1035 2553 1055 2587 ,
1097 2502 1526 2574 adulationes
1550 2504 1766 2585 evita,
1799 2502 2024 2592 sitque
2054 2499 2179 2568 tibi
2209 2516 2346 2569 tam

184 2624 399 2693 triste
411 2619 675 2697 landari
700 2620 1123 2715 asturpibus,
1154 2646 1360 2713 quam
1386 2622 1443 2688 si
1474 2618 1774 2687 lauderis
1801 2618 1888 2687 ob
1919 2619 2170 2711 turpia.
2202 2620 2348 2687 Lae-

182 2742 325 2809 tior
358 2754 571 2821 estc,
599 2738 864 2830 quoties
893 2737 1212 2831 displices
1246 2736 1484 2822 malis3
1517 2751 1589 2804 et
1613 2735 1944 2804 malorum
1979 2734 2068 2807 de
2101 2751 2170 2805 te
2198 2736 2349 2813 exi„-

182 2858 613 2929 stimationes
648 2855 855 2924 malas
887 2904 909 2941 ,
938 2880 1169 2923 veram
1200 2856 1301 2923 tui
1334 2852 1795 2923 laudationem
1819 2851 2158 2922 adscribe.
2192 2853 2350 2923 Dii-²·

186 2972 1037 3043 ficillimumcontinentiae
1064 2994 1235 3064 opus
1268 2986 1370 3038 est
1396 3020 1416 3053 ‚
1453 2970 1938 3038 assentationes
1959 2965 2349 3037 adulatione

189 3088 561 3182 repellere,
594 3111 882 3181 quarum
910 3110 1251 3171 sermones
1272 3087 1570 3154 animum
1594 3086 1940 3179 voluptate
1967 3083 2344 3154 resolvunt.

184 3204 467 3273 Nullius
518 3227 647 3299 per
690 3203 1209 3295 assentationem
1259 3203 1624 3275 amicitiam
1679 3201 2044 3283 merearis,
2086 3222 2217 3267 nee
2258 3198 2372 3267 ad·

190 3340 381 3391 tuam
418 3321 937 3416 promerendam
975 3316 1101 3416 per
1144 3322 1325 3391 hanc
1361 3319 1624 3391 aditum
1672 3319 1958 3412 pandas.
2013 3318 2166 3387 Non
2217 3318 2357 3385 eris⁴

188 3436 453 3524 audax,
495 3462 622 3507 nec
656 3462 1023 3532 arrogans,
1060 3436 1416 3507 submittes
1450 3452 1515 3505 te
1537 3486 1558 3520 ‚
1604 3461 1742 3506 non
1775 3436 2096 3531 projicies
2122 3434 2366 3529 gravi-.

198 3570 340 3624 tate
365 3572 653 3625 servata.
690 3552 1185 3627 Admoneberis
1209 3553 1536 3639 libenter,
1571 3569 1642 3621 et
1669 3552 2198 3647 reprehenderis
2223 3575 2354 3645 pa·-

192 3673 476 3741 tie'nter.
517 3673 589 3743 si
628 3672 869 3740 merito
906 3670 1293 3765 objurgabit
1322 3671 1572 3763 aliquis
1595 3720 1614 3753 ,
1655 3674 1824 3741 scito
1856 3673 2019 3765 quia
2052 3670 2348 3764 profisit3

196 3790 259 3857 si
293 3789 664 3870 immerito,
706 3789 873 3856 scito
906 3789 1067 3879 quia
1094 3786 1418 3881 prodesse
1452 3787 1689 3859 voluit.
1726 3788 1879 3857 Non
1907 3788 2184 3862 acerba,
2227 3782 2352 3853 sed

197 3904 453 3976 blanda
484 3905 753 3976 timebis
788 3904 1017 3979 verba.
1064 3908 1225 3973 Esto
1251 3883 1572 3976 vitiorum
1599 3907 1804 4002 fugax
1833 3902 2022 4001 ipse,
2063 3902 2350 3970 aliorum

200 4044 369 4093 vero
396 4047 621 4116 neque
656 4023 963 4093 curiosus
997 4037 1354 4107 scrutator,
1394 4046 1620 4115 neque
1653 4021 1940 4093 acerbus
1971 4018 2354 4113 reprehen-
