2667 4475
851 322 1381 393 EPISTOLA
1428 324 1585 395 XC.
2217 330 2291 393 15

129 456 200 506 tia
237 470 326 505 eos
362 450 600 505 terniue.
639 448 855 501 Virtutis
891 460 942 499 et
977 448 1238 521 sapientia
1274 445 1484 502 materia
1518 450 1579 503 ii·
1606 460 1711 502 erat
1732 484 1747 515 ,
1781 449 1939 502 virtus
1968 462 2017 501 et
2048 451 2294 523 sapientia

135 544 552 671 mizeffrabilie
576 628 650 667 est
671 614 782 669 haec
817 616 1028 686 epistola
1066 616 1254 688 duplici
1291 616 1517 669 nomine.
1552 620 1624 669 Ac
1654 616 1879 690 primum
1908 618 2115 691 quidem
2144 618 2291 681 ideo,

131 704 268 775 quod
293 702 558 756 decretum
597 698 664 752 de
688 700 912 773 sapiente
949 698 1084 755 Stoa
1110 713 1285 753 tractat
1317 714 1493 753 eontra
1532 700 1866 756 Posidonium
1888 742 1901 768 ,
1926 724 2078 775 quem
2113 704 2209 758 hoc
2238 706 2293 757 in

127 794 236 844 loeo
259 790 328 843 de
343 788 520 843 stoicis
537 786 792 841 veteribus
813 786 1082 842 descivisse
1103 788 1353 841 videmus.
1369 786 1574 841 Deinde
1595 800 1855 862 propterea
1880 789 2029 862 pretii
2048 810 2153 843 non
2176 810 2295 843 eon-

129 874 396 927 renuendi
420 885 494 927 est
513 912 530 940 ,
557 872 696 943 quod
723 872 906 924 artium
927 872 1190 925 historiam
1216 870 1422 945 egregie
1446 871 1584 943 juvat
1599 908 1615 935 ‚
1641 886 1788 945 atque
1812 872 1941 927 adeo
1965 893 1996 927 a
2017 875 2253 947 Gogueto
2276 914 2292 937 ‚

127 960 180 1011 in
203 958 388 1031 primis
403 978 522 1011 vere
545 976 574 1009 a
593 958 678 1010 Jo.
701 956 1032 1009 Beckmanno
1057 956 1268 1027 aliisque
1289 957 1469 1009 harum
1496 976 1662 1009 rerum
1682 958 1890 1012 curiosis
1908 978 2037 1032 sape
2060 960 2115 1011 in
2137 973 2297 1034 partes

125 1054 306 1094 vocata
331 1054 424 1095 est.

688 1172 929 1207 stanna
965 1170 1239 1208 tucn-10
1275 1170 1391 1207 000
1428 1170 1731 1215 sanun..

229 1300 448 1392 Quis
486 1298 842 1383 dubitare,
886 1298 978 1364 mi
1019 1296 1279 1382 Lucili,
1320 1314 1579 1392 potest,
1618 1298 1788 1391 quin
1820 1298 2123 1370 Deorum
2159 1304 2299 1370 im-

125 1416 518 1486 mortalium
547 1440 800 1484 munus
841 1415 972 1499 sit,
1009 1412 1197 1507 quod
1227 1416 1554 1501 vivimus3
1588 1414 2075 1512 Philosophiae,
2109 1418 2298 1512 quod

121 1536 305 1604 bene
333 1541 354 1593 ¹·
395 1534 736 1605 vivimus?
761 1535 992 1625 itaque
1017 1547 1204 1601 tanto
1228 1532 1386 1627 plus
1420 1532 1587 1601 huic
1612 1557 1737 1601 nos
1770 1533 2022 1604 debere
2044 1586 2063 1619 ,
2097 1562 2299 1629 quam

121 1654 314 1736 Diis,
352 1668 610 1744 quanto
639 1650 855 1744 majus
882 1649 1294 1718 beneficium
1335 1664 1438 1717 est
1460 1648 1643 1719 hona
1669 1651 1845 1737 vita,
1881 1677 2083 1745 quam
2124 1656 2305 1723 vita?

119 1773 260 1839 Pro
296 1784 484 1837 certo
535 1767 909 1837 deberetur
929 1770 984 1848 ²,
1041 1766 1174 1833 nisi
1213 1768 1429 1860 ipsam
1474 1768 1588 1833 Dii
1624 1767 2132 1863 philosophiam
2171 1773 2299 1839 tri-

119 1886 473 1972 buissent,
508 1884 706 1977 cujus
733 1882 1084 1949 scientiam
1112 1880 1286 1949 nulli
1315 1879 1695 1965 dederunt,
1734 1884 2120 1956 facultatem
2151 1911 2299 1956 om·-

118 1998 358 2067 nibus.
397 2000 569 2066 Nam
602 1998 664 2064 si
696 1996 878 2066 hanc
909 2018 1184 2089 quoque
1213 1994 1471 2063 bonum
1510 1995 1793 2089 vulgare
1835 1999 2193 2084 fecissent,
2233 2017 2301 2069 et

125 2111 513 2209 prudentes
561 2133 1043 2196 nasceremur,
1085 2110 1420 2202 sapientia
1443 2160 1465 2196 ,
1513 2111 1697 2203 quod
1746 2114 1818 2181 in
1868 2138 1939 2183 se
1973 2118 2299 2209 optimum

120 2230 342 2298 habet
363 2280 385 2315 ,
425 2226 843 2323 perdidisset
866 2279 884 2310 ,
919 2228 1102 2294 inter
1133 2224 1412 2296 fortuita
1444 2219 1690 2296 esset³.
1728 2232 1927 2299 Nunc
1953 2233 2135 2301 enim
2166 2234 2298 2302 hoc

119 2353 193 2417 in
225 2348 348 2416 illa
374 2348 748 2442 pretiosum
778 2360 986 2437 atque
1016 2333 1459 2438 magnificum
1495 2363 1598 2414 est
1619 2396 1640 2431 ,
1684 2347 1872 2439 quod
1898 2374 2037 2418 non
2069 2352 2293 2421 obve-

119 2467 272 2548 nit,
318 2463 512 2556 quod
556 2462 744 2531 illam
799 2460 934 2528 sibi
982 2461 1272 2553 quisque
1320 2459 1571 2544 debet,
1620 2462 1811 2555 quod
1848 2489 1989 2534 non
2030 2467 2118 2535 ab
2158 2469 2292 2537 alio

119 2584 411 2677 petitur.
461 2580 661 2673 Quid
702 2577 994 2647 haberes
1043 2577 1234 2670 quod
1271 2578 1345 2644 in
1384 2577 1827 2673 Philosophia
1862 2586 2282 2676 suspiceres,

117 2704 178 2770 si
213 2699 666 2770 beneficiaria
700 2691 858 2766 res⁴
895 2695 1123 2766 esset?
1157 2696 1383 2789 Hujus
1420 2720 1591 2790 opus
1626 2724 1837 2770 unum
1876 2718 2011 2784 cst,
2057 2701 2145 2772 de
2180 2704 2295 2772 di-

1327 2951 1374 2982 a.
1396 2929 1508 2982 Pro
1524 2943 1659 2984 certo
1678 2935 1957 2987 deberetur.
1978 2937 2079 2993 lnt.
2101 2954 2289 2993 certum

1261 3021 1337 3061 est
1354 3028 1447 3061 nos
1470 3009 1728 3064 debitur-os
1755 3014 1919 3086 magis
1943 3013 2292 3090 Philosophia

191 2953 235 2986 ι.
266 2931 652 3001 Philosophiae,
680 2931 824 3002 quod
841 2931 982 2984 bene.
1010 2929 1162 2982 Aris-

117 3009 294 3064 totelis
317 3008 449 3063 illud
471 3007 682 3081 assidet:
705 3029 734 3055 ε
753 3009 854 3078 Qui
874 3008 1165 3062 docuissent

115 3107 216 3141 nos
232 3126 250 3152 ,
263 3086 436 3159 magis
454 3083 769 3139 venerabiles
783 3084 966 3138 debere
981 3105 1085 3139 esse
1100 3083 1163 3136 iis

121 3164 217 3236 qui
231 3183 332 3217 nos
347 3163 642 3236 genuissent
658 3184 673 3228 ς
689 3161 782 3214 hos
798 3163 934 3215 enim
951 3161 1164 3214 vivendi

119 3255 328 3296 tantum
345 3281 362 3310 ,
389 3239 507 3294 illos
527 3241 660 3294 bene
678 3239 888 3294 vivendi
911 3261 1014 3294 esse
1031 3261 1162 3294 auc-

119 3337 280 3376 tores.
299 3341 328 3369 »
355 3319 506 3389 Lv'ps.
519 3321 820 3394 -Egregie
849 3319 982 3372 hane
1005 3331 1054 3373 et
1074 3339 1164 3372 se-

123 3411 378 3472 quentem
423 3398 769 3472 Philosophia.-
812 3398 1014 3452 laudem
1057 3398 1161 3472 jam

115 3490 456 3532 exornaverat
468 3475 956 3547 Cic-'suse-DispN,
975 3498 1003 3528 α
1022 3475 1077 3528 in
1089 3475 1165 3528 lo·

121 3578 188 3610 eo
209 3555 543 3610 celeberrimo
561 3574 616 3608 z«
631 3555 679 3604 Ο
704 3553 820 3607 vitae
836 3551 1165 3627 Philosophia

115 3635 252 3688 dux!
278 3655 310 3688 ο
331 3633 533 3688 virtutis
551 3630 851 3704 indagatrix,
873 3643 984 3696 etc„
1005 3653 1030 3677 ³»
1049 3651 1164 3703 quae

117 3715 360 3767 Muretus
380 3711 620 3787 opinatur
640 3711 942 3763 Ciceronem
967 3731 992 3762 e
1009 3711 1166 3764 Posi-

115 3793 282 3845 donio
295 3789 622 3847 hausisse-Ab
643 3787 840 3852 eodem,
858 3789 920 3842 de
941 3789 1159 3856 FinJll,

121 3891 172 3936 ει,
203 3891 285 3934 21,
319 3867 647 3944 philosophia
676 3887 755 3920 ars
785 3869 903 3922 vitae
939 3881 1163 3930 vocatur,

120 3949 302 4024 Attigit
333 3949 448 4004 haec
486 3949 676 4020 Upton.
699 3945 764 3998 ad
792 3947 998 4000 Arriani
1022 3947 1160 4000 Diss.

119 4027 284 4100 Epict.
297 4029 321 4080 Ῑ
335 4069 352 4096 ,
379 4050 396 4081 ι
410 4029 440 4081 5
460 4027 576 4080 init.
593 4048 640 4096 p.
661 4025 750 4091 184
768 4025 846 4078 ed.
861 4025 1158 4100 Scltweigh.

1259 3106 1413 3158 quam
1440 3087 1553 3140 Deo
1571 3125 1585 3152 ,
1612 3088 1741 3156 nisi,
1765 3104 1856 3143 etc.
2055 3147 2065 3158 ,

1327 3162 1374 3214 3.
1400 3163 1552 3216 Inter
1547 3165 1783 3237 fortuita
1803 3178 1948 3222 esset.
1968 3170 2177 3225 Senecae
2193 3192 2293 3226 ser-

1261 3239 1407 3292 moni
1434 3253 1483 3292 et
1504 3243 1764 3297 sententiae
1798 3243 1970 3298 ordini
2001 3247 2111 3301 hac
2142 3249 2291 3302 lectio

1261 3316 1520 3387 aptissima
1562 3333 1659 3384 est,
1703 3341 1856 3391 quam
1893 3343 2010 3376 cum
2048 3325 2293 3379 Gron.ex

1261 3396 1468 3449 Gruteri
1494 3396 1626 3468 conj.
1647 3399 1828 3471 recepi.
1853 3401 2019 3454 codd.
2044 3401 2183 3454 enim
2202 3404 2293 3457 da-

1257 3477 1385 3529 bant
1426 3477 1534 3545 vel,
1577 3483 1705 3548 qm'a
1740 3483 1878 3533 inter
1891 3481 2123 3552 fortuito
2160 3505 2295 3538 nunc

1260 3565 1397 3607 esse!
1412 3596 1425 3618 ,
1464 3555 1573 3620 vel,
1614 3559 1781 3624 quod,
1825 3559 1929 3612 sive
1945 3600 1958 3625 ‚
1998 3567 2127 3631 quia
2160 3565 2295 3616 inter

1240 3634 1479 3705 fhrim’ta
1502 3646 1659 3702 esset,
1688 3637 1796 3700 vel,
1824 3643 1953 3706 qnia
1974 3641 2167 3714 inter-s
2190 3663 2291 3694 non

1262 3730 1306 3766 e.
1335 3711 1511 3764 Editio
1548 3725 1691 3766 vetus
1724 3732 1737 3766 ε
1765 3719 1895 3785 quia
1920 3719 2049 3769 e‘nter
2060 3719 2291 3792 fortuita

1258 3795 1377 3859 jam
1398 3802 1543 3844 esset.
1560 3791 1725 3846 Vides
1744 3794 2121 3850 vacillationem
2142 3797 2291 3850 codd.

1271 3871 1437 3944 Quod
1448 3875 1811 3944 interlin-tuito
1826 3897 1928 3928 non
1943 3889 2020 3930 est
2031 3876 2291 3952 occupavit

1269 3947 1531 4020 plerasque
1555 3951 1669 4003 edd.
1696 3965 1897 4006 auctore
1925 3953 2143 4006 Mun-eto.
2164 3951 2237 4004 R.

1330 4032 1376 4095 4.
1419 4029 1484 4083 Si
1514 4032 1843 4102 beneficiaria
1891 4054 1987 4086 res.
2037 4029 2287 4086 Beneficii

1261 4105 1447 4170 alieni,
1479 4128 1691 4178 quaeque
1719 4108 1867 4161 tribui
1895 4123 2072 4180 posset.
2094 4108 2240 4180 Lips-
