2667 4475
405 336 541 405 336
989 332 1071 400 L.
1126 332 1486 400 ANNAEI
1535 330 1970 403 SENECAE

402 464 603 535 simul
630 463 970 556 incipiunt
991 478 1061 531 et
1087 462 1351 531 discere
1379 478 1449 530 et
1473 464 1706 533 vivere
1741 488 1758 531 ι
1790 487 1921 534 nec
1943 480 2048 533 est
2071 469 2322 537 mirum
2344 520 2362 554 ,
2395 492 2538 539 cum

284 611 353 676 24
402 607 482 652 eo
514 582 701 651 nasci
733 580 851 648 illa
868 628 891 666 ,
925 580 1074 649 sine
1110 603 1249 672 quo
1289 578 1546 648 frustra
1575 596 2048 650 nascerentur.
2083 584 2390 654 Primum
2417 586 2540 653 hoc

400 702 923 767 instrumentum
966 696 1107 765 illis
1147 711 1393 765 natura
1437 697 1728 765 contulit
1763 696 1856 765 ad
1889 702 2432 791 permanendum
2475 705 2540 770 in

400 808 873 886 conciliatione
894 828 965 882 et
990 814 1272 881 caritate
1296 814 1400 881 sui
1417 865 1433 880 .
1455 816 1609 881 Non
1643 827 1958 908 poterant
1983 817 2168 886 salva
2197 842 2350 888 esse
2367 872 2386 903 ,
2417 822 2538 887 nisi

397 929 657 999 vellent
698 954 717 997 t
754 950 885 996 nec
920 926 1055 995 hoe
1087 950 1213 1020 per
1254 950 1326 995 se
1359 925 1794 1020 profuturum
1821 944 1970 996 erat
1997 934 2050 1017 ⁸3
2089 929 2215 999 sed
2246 935 2396 1001 sine
2419 934 2540 1001 hoc

398 1044 587 1114 nulla
622 1066 733 1112 res
770 1042 1161 1138 profuisset.
1204 1041 1343 1111 Sed
1377 1043 1452 1110 in
1483 1040 1674 1110 nullo
1709 1042 2189 1134 deprehendes
2221 1048 2540 1117 vilitatem

398 1160 503 1227 sui
529 1164 586 1245 ²,
618 1183 705 1228 ne
733 1154 1219 1252 negligentiam
1252 1155 1564 1249 quidem.
1593 1158 1854 1225 Tacitis
1882 1182 2160 1253 quoque
2186 1180 2262 1231 et
2289 1163 2534 1249 brutis,

372 1274 705 1366 quamvis
740 1274 815 1341 in
862 1288 1107 1341 caetera
1155 1286 1518 1365 torpeant,
1557 1271 1647 1340 ad
1687 1272 2058 1343 vivendum
2101 1277 2386 1348 solertia
2419 1296 2532 1348 est.

396 1389 678 1459 Videbis
703 1440 722 1472 ,
764 1412 917 1482 quae
956 1389 1113 1458 aliis
1143 1388 1415 1457 inutilia
1449 1404 1608 1457 sunt
1630 1438 1649 1471 ,
1687 1388 1821 1458 sibi
1861 1390 2008 1484 ipsa
2047 1416 2190 1463 non
2237 1390 2528 1465 ³deesse.

392 1508 585 1577 Vale.

393 1676 455 1729 de
492 1675 584 1729 illo
626 1676 877 1729 foramine
914 1677 1144 1727 favorum
1182 1674 1418 1726 omnium
1583 1694 1629 1725 α.
1663 1674 1727 1723 V
1720 1676 1944 1726 nitatem
1970 1670 2068 1727 scd.
2099 1675 2142 1727 1.
2179 1695 2223 1728 e.
2263 1676 2384 1731 vita
2417 1696 2539 1729 con-

388 1753 539 1805 silent
570 1774 738 1805 rerum
766 1751 1073 1805 naturalium
1102 1750 1287 1803 curiosi
1322 1752 1418 1802 in—
1515 1762 1758 1822 temptum
1787 1787 1803 1815 ‚
1845 1764 1906 1804 ut
1935 1752 2092 1804 vilem
2131 1773 2186 1807 se
2229 1752 2432 1807 habeat.
2461 1755 2536 1807 sic

389 1829 711 1901 vestigatores
733 1842 781 1883 et
791 1842 981 1882 veteres
995 1866 1011 1893 ,
1024 1840 1073 1880 et
1084 1827 1412 1895 recentiores,
1515 1828 1701 1883 Noster
1723 1829 1788 1883 de
1823 1827 2110 1883 Clementia
2131 1830 2226 1885 lib.
2257 1834 2284 1884 1
2301 1870 2318 1895 ,
2353 1854 2458 1907 cap-
2477 1832 2536 1883 3:

339 1902 355 1920 ‘
389 1906 515 1976 quin
537 1906 639 1959 alia
669 1907 843 1959 omnia
874 1906 1071 1958 docent.
1098 1906 1245 1958 Certa
1263 1919 1384 1960 sunt
1397 1947 1414 1974 ‚
1515 1926 1544 1951 α
1565 1907 1672 1957 Nec
1692 1905 1800 1959 haec
1820 1905 1986 1958 vilitas
2004 1907 2086 1959 sui
2104 1921 2182 1960 est
2194 1908 2534 1963 autdementia

389 1984 431 2036 si
460 1984 524 2036 ad
552 2003 762 2038 araneas
794 1984 1040 2037 retuleris.
1066 1984 1249 2037 Rubk.
1513 2003 1603 2057 pro
1619 2004 1724 2037 uno
1737 1983 1899 2058 capite
1916 1998 1990 2038 tot
2005 1984 2174 2039 millia
2189 1988 2420 2061 excipe‘re
2435 1990 2534 2041 fe:-

460 2082 501 2117 ι.
519 2063 627 2117 Nec
650 2064 741 2117 boc
758 2084 858 2134 per
872 2064 1269 2145 “profuturum
1286 2076 1416 2118 emt.
1511 2082 1626 2115 rum
1639 2102 1654 2130 ,
1683 2076 1775 2117 ete.
1789 2085 1816 2109 ιο
1839 2062 2021 2118 Rubk.

389 2140 525 2210 Quia
550 2162 746 2195 necesse
762 2155 867 2196 erat
886 2143 1122 2197 accedere
1138 2144 1412 2215 quamdam
1577 2140 1625 2194 3.
1643 2143 1753 2196 sibe·
1783 2146 1901 2210 ipsa
1931 2162 2036 2195 non
2063 2146 2258 2197 deesse.
2291 2144 2406 2217 Ipsa
2423 2162 2534 2198 eon-

387 2219 616 2295 pcritiam
641 2220 838 2276 tutandi
860 2222 958 2275 sui.
1511 2220 1673 2278 tulere
1693 2222 1827 2278 vitae.

925 2539 1551 2628 EPISTOLA
1607 2539 1988 2627 CXXII.

1331 2745 1602 2767 -----

758 2937 1037 2978 CONTRA
1074 2939 1192 2978 BOS
1232 2937 1353 2988 qu
1391 2937 1712 2978 NATURAM
1747 2937 2156 2980 lnvtnruur.

449 3035 633 3090 Faceta
666 3036 1005 3111 lucifugarum
1040 3049 1091 3090 ct
1114 3057 1290 3092 eorum
1307 3077 1322 3102 ,
1358 3037 1448 3109 qui
1472 3051 1703 3092 naturam
1727 3040 1784 3092 in
1805 3039 1908 3094 vita
1933 3041 2170 3114 degenda
2195 3041 2488 3113 relinquunt
2508 3079 2522 3102 ,

384 3119 653 3193 descriptio
671 3160 686 3187 ,
712 3139 825 3192 quoe
860 3133 1026 3174 tamen
1066 3121 1333 3175 acerbitate
1347 3131 1475 3175 ‘non
1509 3134 1671 3189 caret,
1698 3123 1846 3177 docet
1869 3123 2125 3191 amicum,
2154 3125 2249 3179 hos
2271 3145 2450 3194 pravos
2481 3137 2524 3175 et

382 3204 479 3257 sibi
505 3218 555 3257 et
582 3205 817 3258 omnibus
842 3205 953 3259 aliis
982 3205 1221 3260 dissidere
1246 3245 1260 3273 ‚
1300 3218 1502 3280 propter
1525 3206 1643 3261 vitoe
1673 3207 1971 3260 communis
1987 3207 2268 3262 fastidium.
2299 3209 2522 3263 Tandem

384 3303 589 3357 monet,
613 3301 672 3344 nt
694 3302 860 3343 teneat
881 3290 1017 3343 viam
1040 3311 1071 3343 a
1091 3303 1269 3343 natura
1289 3290 1630 3363 prescriptam
1647 3327 1664 3358 ,
1689 3311 1785 3344 nec
1807 3291 1872 3345 ab
1893 3291 1984 3344 illa
2009 3293 2249 3346 declinet.

946 3453 1172 3489 SENECA
1206 3451 1463 3488 Lucumo
1499 3451 1612 3488 ⁸110
1649 3449 1938 3488 sanun!-

479 3563 1111 3630 Damnum-ruff
1138 3563 1283 3654 jam
1312 3561 1460 3630 dies
1504 3564 1717 3630 sensit
1763 3589 1778 3628 :
1825 3560 2092 3630 resiluit
2127 3562 2518 3655 aliquantu-

382 3677 565 3762 lum3
608 3680 703 3746 ita
730 3683 1023 3761 tamen²‚
1068 3695 1145 3746 ut
1180 3678 1466 3748 liberale
1509 3678 1736 3747 adhuc
1774 3678 2060 3770 spatium
2104 3681 2232 3760 sit,
2275 3677 2334 3744 si
2369 3675 2516 3767 quis

448 3899 467 3932 ι
478 3919 490 3930 .
505 3877 898 3943 Dar-immam,
918 3889 1009 3932 etc.
1022 3879 1215 3931 AEstate
1234 3879 1291 3931 in
1307 3899 1396 3932 an·
1493 3880 1615 3945 rint,
1639 3897 1796 3948 quum
1811 3877 1998 3930 minuti
2011 3876 2114 3930 sint
2131 3913 2146 3943 ,
2166 3889 2216 3931 et
2228 3878 2316 3930 lux
2329 3875 2514 3930 tardior

376 3969 605 4009 namnum
627 3967 918 4009 transeunte
934 3955 1115 4028 scripta
1134 3975 1235 4008 esse
1255 3955 1395 4010 vide-
1491 3960 1620 4012 sacta
1641 3957 1682 4009 si
1690 3970 1721 4009 t.
1743 3957 1925 4009 Ruhk.

379 4047 459 4087 tur
486 4034 593 4088 haec
616 4031 822 4107 epistola
848 4052 861 4088 ε
888 4033 1007 4086 inde
1032 4035 1396 4088 detrimentum
1560 4057 1602 4089 2.
1619 4035 1716 4089 Ita
1728 4047 1953 4090 tamen...
1969 4046 2146 4090 exeat.
2160 4034 2286 4088 Dies
2303 4033 2512 4104 quidem

380 4131 421 4163 s.
438 4111 679 4183 jacturam
701 4111 909 4185 explices
939 4132 1089 4184 quam
1116 4111 1222 4166 dies
1250 4115 1396 4167 fece-
1491 4113 1756 4180 minuitur,
1782 4113 1972 4168 tardior
1995 4114 2082 4168 lux
2105 4127 2179 4166 est
2201 4131 2214 4166 :
2239 4126 2406 4168 tamen
2429 4113 2510 4163 vel
