2667 4475
1021 306 1455 379 TABULA.
2182 312 2315 381 685

145 497 554 561 stsnnnrm
581 496 716 561 XV.
748 498 884 572 Aer,
912 511 972 559 et
995 500 1120 579 ejus
1143 499 1349 560 divisio
1368 542 1385 575 ,
1417 502 1603 582 primo
1624 499 1920 585 Frigidum
1943 502 2152 601 ,Stoicis
2220 430 2317 477 ⁹⁸⁸·

782 630 937 669 esse.
977 649 2141 678 .............................

267 786 280 791 -
329 762 452 775 -
573 727 740 790 XVI.
789 730 998 809 Aqua,
1045 740 1105 789 et
1149 729 1437 811 praecipua
1485 730 1611 808 eim
1651 752 1785 812 pars
1834 730 2021 793 Mare.
2080 732 2151 793 Id
2194 614 2311 702 59⁷

775 860 984 909 terram
1012 848 1306 923 circumit,
1329 848 1439 909 init
1460 890 1477 923 ,
1500 848 1685 923 subit,
1708 851 2003 913 vinculum
2027 852 2149 930 ejus

777 977 836 1025 et
863 965 1144 1047 irrigatio.
1183 1002 2139 1027 ........................
2189 965 2315 1053 598

327 1114 448 1129 --
571 1081 771 1145 XVII.
792 1083 1098 1166 Duplicem
1120 1081 1413 1144 Oceanum
1437 1104 1561 1145 esse
1588 1058 1616 1157 ,ι
1640 1104 1888 1167 eumque
1910 1084 2147 1147 Terram

768 1201 1174 1284 quadrifariam
1218 1203 1419 1284 partiri
1438 1246 1457 1277 ,
1506 1224 1581 1263 ex
1624 1224 1797 1263 sensu
1837 1216 2097 1267 veterum
2120 1250 2138 1281 ,

769 1322 926 1383 haud
955 1344 1188 1404 prorsus
1215 1344 1367 1383 vano
1380 1362 2131 1384 ...................
2180 1323 2303 1387 602

318 1472 441 1487 —
561 1439 793 1503 XVIII.
819 1440 910 1500 De
929 1440 1130 1501 Terra.
1160 1439 1407 1501 Matrem
1428 1440 1541 1501 dici
1566 1484 1585 1515 ‚
1608 1453 1667 1501 et
1694 1440 1925 1501 Animal
1946 1464 1964 1513 3
1986 1442 2142 1505 unde

689 1546 694 1554 '
765 1570 1112 1619 sustentetur
1134 1559 1504 1640 firmeturque
1510 1600 2131 1620 ................
2178 1557 2303 1622 605

315 1709 438 1723 —-
561 1674 728 1739 XIX.
750 1675 978 1738 stabilis
999 1698 1066 1738 ea
1087 1720 1106 1751 ‚
1137 1700 1212 1737 an
1233 1679 1579 1740 moveatur?
1608 1682 1861 1761 itemque
1878 1680 1951 1741 de
1978 1680 2139 1741 Novo

760 1798 900 1857 orbe
924 1840 941 1870 ,
965 1797 1088 1858 sive
1109 1798 1375 1859 America
1398 1842 1415 1872 ‚
1446 1820 1521 1859 an
1552 1812 1774 1861 veteres
1806 1802 1971 1883 gnari
1998 1800 2141 1861 fine·-

760 1914 878 1975 rint
899 1915 926 1974 .)
931 1954 2125 1979 ..............................
2175 1918 2299 1983 608

313 2065 435 2078 —-
559 2032 692 2097 XX.
717 2034 883 2095 Unus
903 2077 920 2110 ,
951 2054 1025 2094 an
1051 2034 1250 2115 plures
1271 2033 1532 2096 Mundi?
1558 2034 1713 2111 idem
1742 2058 1816 2096 an
1846 2036 2137 2097 aeternus?

769 2165 1168 2228 esse,etnon
1204 2176 1547 2215 ossan...
1575 2194 2119 2213 ..............
2170 2152 2294 2215 613

310 2303 432 2316 —
555 2267 720 2331 XXI.
753 2269 1079 2352 Dupliciter
1105 2268 1331 2342 interit,
1375 2269 1541 2350 Aqua
1578 2281 1635 2329 et
1676 2269 1839 2352 Igne.
1876 2270 2130 2330 Primum

755 2388 828 2448 de
855 2390 1018 2470 Aqua
1039 2429 1057 2461 ,
1089 2387 1210 2447 sive
1240 2387 1597 2468 cataclysmo
1612 2427 2119 2448 .............
2166 2385 2239 2448 61
2252 2387 2292 2448 5

306 2536 428 2550 --
551 2501 748 2564 XXII.
798 2502 890 2563 De
931 2502 1089 2586 Ignis
1135 2503 1373 2563 interitu
1400 2546 1419 2577 ,
1467 2503 1567 2584 qui
1598 2501 1907 2585 Ecpyrosis
1949 2503 2121 2564 dicta.

751 2621 996 2698 Quando
1022 2666 1039 2699 ,
1076 2622 1380 2698 Quomodo
1402 2666 1419 2696 ,
1452 2622 1583 2698 Qun
1608 2623 1789 2706 gratia
1828 2623 1929 2683 fiat
1946 2621 1995 2686 Y.
2015 2666 2030 2680 .
2050 2665 2069 2685 .
2092 2662 2109 2681 .
2162 2619 2289 2684 618

304 2775 425 2789 -—-
546 2740 780 2810 XXIII.
829 2743 1181 2803 Christianos
1209 2744 1384 2803 etiam
1432 2741 1603 2822 hujus
1644 2743 1935 2803 sententiae
1959 2785 1978 2815 ,
2020 2740 2125 2802 sed

745 2863 1118 2990 divisaezesse
1139 2885 1158 2922 ε
1185 2864 1319 2924 item
1334 2860 1674 2954 Epicureos,
1693 2875 1750 2923 et
1764 2861 2121 2922 Heraclitum

743 2993 876 3042 ante
895 3003 1092 3042 omnes
1125 3005 1142 3040 z
1167 3003 1359 3064 neque
1384 3003 1583 3042 omnes
1601 2995 1793 3044 tamen
1823 2979 2071 3041 Stoicos.
2090 3020 2107 3039 .
2158 2979 2283 3062 624

299 3133 420 3146 ---
543 3097 769 3162 XXIV.
818 3099 910 3160 De
957 3098 1242 3182 Tempore
1291 3099 1555 3161 adtextus
1588 3124 1603 3171 ;
1652 3099 1795 3182 quid
1842 3113 1903 3160 et
1943 3121 2115 3181 quam

739 3219 914 3279 breve
939 3261 957 3292 ,
985 3231 1084 3278 aut
1105 3216 1250 3278 nihil
1269 3261 1287 3291 ,
1314 3219 1391 3278 sit
1409 3241 1429 3277 ε
1454 3201 1768 3278 tenendum
1798 3218 2034 3292 utiliter,
2062 3230 2121 3279 et

734 3337 1106 3400 asserendum
1111 3370 2103 3398 .........................
2152 3335 2275 3399 625

905 3593 1122 3642 mmm
1154 3589 1505 3646 Tannus,

140 3819 504 3878 Dtssnnrto
548 3817 598 3876 Ι.
648 3815 1010 3876 Vestibulum
1055 3827 1114 3874 et
1149 3814 1457 3895 ingressus.
1504 3811 1597 3870 De
1636 3809 2100 3893 occupationibus

615 3993 628 4007 ,
726 3931 972 4012 aliquid;
1019 3944 1076 3992 et
1111 3931 1260 3992 inter
1292 3951 1388 3990 cas
1424 3951 1653 4012 quoque
1682 3927 2097 4009 philosophan-

727 4053 873 4114 dum·
882 4088 2085 4113 ..............................
2132 4044 2213 4107 63
2228 4070 2247 4108 1
