2667 4475
442 318 930 391 PHYsmL.
983 318 1485 390 s'romon.
1539 322 1737 393 Lm.
1788 322 1941 391 111.
2127 328 2267 424 6⁵⁷

95 488 322 529 verum
363 477 564 547 postca
593 486 627 523 a
655 462 918 525 sensibus
967 472 1026 521 et
1057 462 1559 545 imaginationibus
1598 464 1789 547 colligi
1809 508 1828 541 ‚
1871 467 2021 527 circs
2053 488 2269 531 annum

99 576 410 637 decimum
445 585 736 655 quartum.
766 598 795 624 ιο
827 569 968 633 Haee
997 590 1202 651 purum
1233 569 1479 631 fideliter
1522 570 1769 633 adscn'bi
1811 573 2053 636 arbitror
2072 620 2091 651 ‚
2123 578 2171 635 si
2196 576 2271 638 de

102 684 247 763 ipsa
275 680 518 742 Ratione
545 681 703 762 capis
733 701 750 736 ε
783 678 831 737 si
862 676 936 737 de
962 677 1090 737 Usu
1129 678 1252 757 ejus
1281 677 1621 758 perfectiore
1640 722 1659 753 ,
1700 677 1857 739 haud
1882 702 2111 764 negem.
2144 681 2277 743 Ob-

101 801 380 849 scutatur
419 787 574 847 enim
623 787 687 845 in
727 787 852 867 ipsa
897 783 1136 845 infantia
1159 828 1177 858 ,
1212 798 1272 845 et
1314 797 1383 845 ut
1418 787 1504 846 sol
1541 786 1777 867 quidam
1795 831 1812 861 ‚
1853 808 1961 868 per
1990 788 2189 849 nubila
2216 802 2277 850 et

103 896 304 955 nubes
355 915 504 977 aegre
551 892 891 975 perrumpit.
941 888 1234 952 Germana
1279 913 1479 953 eorum
1520 894 1801 954 sententia
1818 937 1837 969 ,
1868 916 1905 955 a
1930 906 2099 976 partu
2131 897 2283 957 insi-

103 1002 310 1062 nuari.
342 1002 586 1085 Tangit,
621 1011 680 1059 et
713 1000 933 1081 spernit
961 996 1288 1059 Lactantius
1318 1022 1336 1057 ε
1370 1024 1399 1052 «ι
1428 998 1635 1061 Anima
1665 998 1929 1084 (inquit,
1964 1002 2038 1063 de
2069 1000 2231 1086 Opis.
2250 1048 2273 1080 ,

105 1130 252 1191 cap.
296 1130 318 1169 1
343 1152 362 1183 ,
385 1154 394 1161 .
419 1120 620 1168 eontra
661 1106 938 1167 Varronis
978 1104 1170 1167 datam
1211 1104 1573 1189 finitionem)
1598 1130 1717 1167 non
1755 1122 1841 1169 est
1878 1132 1979 1171 aer
2005 1132 2105 1172 ore
2131 1132 2277 1171 con-—

107 1227 324 1298 ceptus
340 1258 359 1289 ‚
389 1215 527 1297 quia
562 1213 742 1273 multo
779 1212 942 1294 prius
979 1212 1231 1294 gignitur
1275 1211 1483 1273 Anima
1504 1254 1525 1287 ,
1556 1234 1731 1293 quam
1770 1216 1995 1297 concipi
2030 1218 2149 1277 Aer
2174 1238 2274 1277 ore

107 1324 324 1404 possit.
357 1320 486 1381 Non
513 1321 668 1379 enim
698 1332 829 1400 post
857 1330 1083 1400 panum
1113 1320 1439 1379 insinuatur
1463 1321 1525 1379 in
1554 1340 1762 1402 corpus
1780 1364 1801 1397 ,
1834 1334 1901 1383 ut
1926 1324 2271 1404 quibusdam

107 1428 476 1511 philosophis
503 1424 738 1507 (nempe
765 1422 994 1507 Stoicis)
1019 1424 1271 1499 videtur,
1303 1424 1411 1485 sed
1441 1437 1572 1507 post
1607 1439 1946 1507 conceptum
1975 1430 2237 1510 protinus
2250 1473 2272 1503 ,

107 1556 304 1615 quum
330 1531 530 1593 foetum
557 1533 620 1591 in
649 1544 813 1591 utero
839 1530 1145 1591 necessitas
1174 1530 1371 1592 divina
1388 1529 1673 1593 formavit.
1699 1558 1728 1587 n
1752 1532 1935 1593 Vides
1959 1534 2115 1595 illam
2134 1537 2275 1616 poni

111 1655 180 1703 et
207 1642 368 1721 rejici
392 1664 409 1713 ;
439 1640 608 1699 aliam
637 1638 922 1720 supponi,
955 1660 1126 1719 quam
1159 1638 1398 1719 probam
1429 1651 1658 1712 censet,
1682 1650 1813 1719 post
1835 1651 2157 1721 conceptum
2181 1644 2277 1703 in·-

105 1748 342 1808 sinuat-2·
355 1770 376 1805 .·
399 1744 666 1827 quando?
707 1766 887 1826 quum
897 1740 1116 1823 foetum
1145 1741 1302 1803 Deus
1310 1740 1616 1823 fumavit.
1651 1742 1881 1825 Optime
1910 1759 1969 1806 et
1993 1745 2272 1831 Theologi

111 1855 304 1914 nostri
335 1854 416 1913 sic
445 1852 618 1912 hodie
648 1861 913 1923 censent,
945 1847 1202 1909 formatis
1240 1849 1655 1930 principalibus
1680 1850 1953 1911 membris
1971 1896 1989 1927 ,
2020 1851 2231 1935 hepate
2252 1900 2271 1930 ,

111 1960 297 2021 corde
319 2005 336 2035 ,
374 1959 610 2021 cerebro
635 2002 652 2033 ,
699 1957 1051 2017 domicilium
1080 1958 1198 2036 jain
1229 1957 1434 2017 animm
1468 1958 1733 2017 rationali
1772 1954 2168 2040 aptum‘esse',
2213 1975 2275 2024 et

111 2070 180 2126 in
213 2066 279 2126 id
307 2067 524 2126 venire.
556 2064 950 2145 Hieronymus
975 2061 1244 2144 (Advers.
1275 2064 1431 2124 Ruff.
1460 2064 1614 2145 apol.
1644 2061 1718 2144 ιι)
1744 2086 1761 2123 =
1792 2091 1821 2119 οι
1846 2064 2117 2148 Figurate
2143 2088 2275 2127 cor·-

109 2196 264 2257 pore
288 2217 305 2248 ‚
341 2175 530 2240 statim
571 2172 750 2232 creari
795 2183 855 2254 et
901 2172 1154 2231 immitti.
1187 2196 1215 2224 n
1252 2170 1489 2230 Creari?
1520 2172 1601 2231 ita
1634 2194 1671 2231 n
1707 2171 1833 2231 Deo
1857 2195 1877 2231 .·
1903 2184 1962 2231 et
2006 2174 2273 2256 exemplo

109 2279 470 2362 Angelorum
515 2277 588 2338 de
623 2277 828 2337 nihilo.
863 2277 934 2336 In
960 2277 1176 2336 Ruffini
1203 2275 1395 2335 verbis
1411 2319 1429 2349 ,
1460 2297 1635 2356 quem
1662 2277 1761 2334 ille
1786 2291 2014 2338 sanctus
2038 2280 2129 2338 vir
2158 2300 2273 2360 op·-

109 2395 342 2468 pugnat
364 2427 380 2456 ,
416 2385 544 2465 lego
583 2383 874 2464 plusculas
911 2381 1221 2440 sententias
1243 2424 1260 2454 ,
1305 2381 1647 2463 compendio
1686 2382 1949 2442 recitatas
1976 2381 2169 2465 (Ibid.
2194 2382 2221 2466 )
2244 2407 2265 2444 e

115 2523 148 2548 «ι
173 2493 268 2552 De
296 2489 504 2550 Anima
519 2531 537 2561 ‚
561 2485 743 2547 fateor
761 2507 856 2546 me
875 2484 1030 2566 apud
1053 2486 1504 2568 quamplurimos
1530 2499 1897 2548 metatorum
1928 2489 2149 2550 diversa
2178 2489 2274 2551 le·-

114 2601 295 2682 gisse.
329 2594 467 2677 Legi
499 2591 778 2675 quosdam
795 2635 812 2666 ,
845 2591 1100 2651 dicentes
1128 2591 1284 2673 quod
1311 2594 1531 2674 pariter
1556 2615 1687 2654 cum
1715 2615 1981 2676 corpore,
2014 2619 2123 2679 per
2146 2597 2270 2658 hu·-

113 2705 280 2766 mani
299 2702 552 2784 corporis
579 2698 874 2760 traducem
893 2742 911 2774 ‚
937 2699 1108 2758 etiam
1127 2697 1330 2759 animae
1350 2700 1765 2778 diffundantur,
1788 2704 1945 2784 quod
1963 2717 2103 2786 puto
2121 2707 2273 2769 inter

114 2813 355 2872 Latinos
371 2809 788 2870 Tertullianum
809 2807 1075 2881 sensisse,
1091 2806 1184 2867 vel
1206 2805 1561 2868 Lactantium
1577 2853 1594 2883 ‚
1616 2807 1871 2871 formssis
1890 2823 1949 2872 et
1964 2814 2271 2875 nonnullos

115 2920 284 2979 ulios.
317 2917 432 2977 Alii
461 2927 747 2987 asserunt,
771 2913 930 2996 quod
948 2912 1204 2973 formatis
1229 2914 1292 2974 in
1309 2925 1473 2974 utero
1492 2915 1827 2997 corporibus
1844 2960 1862 2992 ,
1886 2916 2045 2979 Deus
2074 2921 2271 3004 quoti.

117 3025 220 3086 die
241 3022 409 3095 faciat
429 3023 664 3083 Animas
686 3032 744 3081 et
761 3015 1047 3080 infundat.
1063 3020 1178 3080 Alii
1191 3019 1369 3082 factas
1385 3023 1503 3100 jum
1523 3022 1659 3082 olim
1674 3067 1693 3097 ,
1718 3022 1778 3083 id
1802 3019 1908 3100 est,
1930 3038 2067 3086 tunc
2086 3049 2266 3108 quum

116 3131 314 3192 omnia
343 3130 556 3191 creavit
578 3127 739 3188 Deus
765 3147 840 3187 ex
865 3125 1050 3187 nihilo
1066 3170 1084 3201 ‚
1115 3149 1268 3188 nunc
1297 3147 1394 3187 eas
1417 3127 1637 3206 judicio
1662 3149 1766 3189 suo
1794 3133 1951 3191 nasci
1975 3131 2271 3214 dispenset

119 3241 185 3297 in
231 3257 490 3318 corpore.
541 3233 672 3294 Hoc
715 3234 890 3294 sentit
919 3246 978 3293 et
1007 3231 1286 3316 Origenes
1307 3278 1326 3308 ,
1372 3245 1433 3292 et
1472 3235 1737 3294 nonnulli
1762 3233 2111 3298 Graecorum.
2146 3237 2271 3324 Ego

120 3365 264 3406 vero
309 3365 488 3425 quum
524 3339 660 3401 hoec'
691 3341 916 3424 singula
943 3341 1180 3424 legerim
1204 3383 1222 3415 ,
1267 3339 1397 3401 Deo
1438 3353 1581 3400 teste
1612 3341 1741 3402 dico
1762 3387 1779 3417 ,
1819 3345 1955 3424 quin
1982 3365 2165 3428 usqne
2196 3349 2273 3409 ad

123 3470 374 3534 praesens
405 3449 548 3508 certi
589 3462 650 3507 et
681 3447 903 3508 definiti
951 3446 1172 3527 aliquid
1218 3446 1292 3506 de
1342 3446 1451 3506 hac
1498 3450 1832 3529 quastione
1856 3471 1972 3510 non
2016 3463 2209 3514 teneo.
2236 3480 2267 3509 s

127 3556 423 3618 praemittit
451 3553 524 3614 de
549 3552 788 3614 traduce
835 3557 1040 3614 Anima
1075 3577 1092 3613 ε
1129 3565 1187 3614 et
1227 3553 1585 3616 Lactantium
1627 3555 1708 3616 ibi
1755 3571 2019 3620 numerat
2037 3605 2055 3635 ,
2099 3559 2264 3623 falso.

127 3663 334 3748 Liquet
363 3685 438 3724 ex
463 3662 622 3735 loco,
654 3681 824 3742 quem
855 3660 1117 3737 adduxi,
1151 3673 1210 3722 et
1235 3663 1417 3745 magis
1444 3683 1521 3722 ex
1546 3663 1653 3723 isto
1678 3661 1795 3746 (de
1816 3663 2269 3752 Opif„c.19).

131 3771 396 3831 «Utrum
423 3770 616 3830 anima
648 3787 722 3828 ex
749 3780 947 3850 pau-e,
979 3790 1054 3827 an
1083 3789 1159 3829 ex
1193 3781 1413 3844 matre,
1446 3791 1520 3829 an
1549 3791 1685 3830 vero
1713 3792 1787 3832 ex
1814 3785 2061 3854 utroque
2086 3795 2275 3856 gene-

128 3877 326 3940 retur?
359 3876 463 3938 sed
492 3895 599 3959 ego
629 3875 704 3936 de
731 3895 862 3935 meo
885 3875 1014 3955 jure
1041 3876 1116 3935 ab
1143 3849 1379 3960 ancipiti
1413 3877 1693 3939 vindico·
1723 3878 1869 3938 nihil
1897 3877 2048 3938 enim
2084 3901 2157 3941 ex
2182 3880 2275 3944 liis

130 3981 312 4042 nibus
335 3999 536 4040 verum
562 3989 670 4037 est.
706 3976 926 4058 Corpus
949 3997 1023 4037 ex
1042 3977 1376 4058 corporibus
1403 3980 1559 4040 nasci
1588 3991 1808 4062 potest,
1833 3980 2103 4060 quoniam
2131 4003 2274 4044 con-

132 4098 312 4158 fertur
331 4086 551 4169 sliquid
570 4109 642 4148 ex
671 4099 950 4168 utroque;
988 4085 1060 4146 de
1089 4085 1311 4146 Animis
1331 4089 1539 4148 Anima
1556 4109 1673 4148 non
1693 4098 1883 4168 potest
1900 4130 1917 4161 ,
1942 4091 2077 4170 quin
2106 4113 2177 4152 ex
2208 4115 2271 4152 re

436 4197 552 4264 IV.
1896 4198 1987 4283 42
