2667 4475
184 290 192 309 '
269 302 276 313 ⁴
391 322 529 392 686
1228 320 1678 391 TABULA.

393 520 772 579 Dissnnurto
807 515 893 576 II.
921 514 1232 575 Hominem
1266 536 1507 597 parvum
1536 514 1831 575 Mundum
1860 536 1982 575 esse
2006 538 2022 573 ε
2050 527 2108 575 et
2126 517 2369 576 breviter
2432 443 2512 491 ἧς.

1001 636 1122 714 ejus
1149 634 1472 715 praestantia
1482 672 2357 693 ......................
2402 632 2507 695 633

553 794 676 807 --
797 759 912 820 III.
947 758 1130 820 Nosce
1157 761 1407 841 teipsum
1432 804 1449 831 ,
1476 758 1585 818 hoc
1610 760 1727 819 fine
1760 760 1979 821 utiliter
2002 760 2277 822 edictum.
2298 806 2315 821 .
2338 806 2357 821 .
2400 760 2505 825 635

551 916 678 931 --·
798 884 908 945 IV.
949 884 1040 943 De
1063 885 1250 965 primo
1276 882 1547 943 Hominis
1572 896 1703 944 ortu
1737 885 2019 944 variantes
2050 887 2360 945 sententia.

999 998 1314 1059 Stoicorum
1356 1001 1667 1081 approbata
1683 1045 1701 1075 ,
1747 1013 1807 1061 et
1846 1002 2131 1082 explicata
2142 1044 2357 1059 ......
2398 999 2503 1063 638

549 1164 672 1177 --
796 1129 874 1189 V.
897 1129 1180 1188 Homines
1195 1130 1373 1209 primi
1392 1151 1467 1187 an
1487 1130 1731 1207 majores
1748 1172 1765 1202 ,
1789 1141 1847 1188 et
1864 1128 2140 1209 paulatim
2160 1130 2365 1190 deinde

999 1246 1292 1306 minores?
1327 1259 1499 1327 atque
1520 1246 1703 1305 obiter
1720 1268 1796 1305 an
1817 1244 2095 1329 Gigantes
2119 1247 2164 1305 ἓ.
2184 1290 2201 1304 .
2226 1290 2241 1304 .
2266 1290 2281 1304 .
2302 1289 2317 1305 .
2336 1291 2356 1308 .
2398 1246 2497 1325 643

553 1411 676 1423 --
798 1376 905 1434 Vl.
939 1374 990 1434 E
1017 1376 1248 1435 Semine
1279 1374 1560 1435 Homines
1594 1376 1897 1457 propagari
1928 1398 1947 1433 ε
1978 1387 2037 1433 et
2064 1376 2209 1435 illud
2230 1376 2367 1437 defi-

999 1495 1206 1553 nitum.
1255 1494 1387 1553 Viri
1418 1493 1724 1575 genitabile
1768 1493 1977 1553 habent
2002 1538 2021 1567 ‚
2072 1518 2189 1555 nou
2236 1498 2365 1555 item

1005 1624 1251 1683 soeminae
1275 1648 1292 1682 ε
1319 1636 1379 1683 et
1402 1621 1475 1684 de
1496 1624 1553 1683 vi
1572 1622 1813 1703 Spiritus
1820 1664 2353 1687 ..............
2398 1623 2499 1699 6.ίὸ

553 1786 676 1798 -
797 1753 938 1813 VII.
965 1752 1172 1813 Semen
1195 1764 1383 1812 tamen
1407 1772 1613 1831 corpus
1632 1749 1803 1811 modo
1816 1750 2017 1812 Stoicis
2030 1752 2365 1833 producere,

1004 1884 1062 1929 et
1117 1870 1333 1928 Animae
1392 1870 1817 1949 receptaculum
1868 1892 2073 1951 parare
2110 1896 2127 1943 ;
2190 1874 2367 1954 ipsam

993 1988 1345 2047 extrinsecus
1390 1987 1665 2046 insinuari
1696 2010 1711 2056 ;
1757 1985 1931 2068 idque
1970 2000 2103 2067 post
2142 1987 2367 2048 Panio-

1001 2128 1132 2165 nem
1149 2148 1164 2163 .
1199 2144 2355 2167 ............................
2403 2106 2503 2186 648

553 2263 676 2275 -·
799 2227 971 2291 VIII.
1021 2228 1072 2289 E
1111 2228 1260 2289 caelo
1300 2241 1359 2288 et
1388 2227 1619 2289 AEthere
1667 2228 1941 2289 Animum
1980 2228 2255 2292 advenire
2276 2277 2294 2306 ,
2334 2255 2369 2292 a

997 2345 1188 2421 stellis
1221 2389 1238 2417 ,
1283 2345 1359 2404 ab
1398 2346 1523 2426 ipso
1564 2347 1689 2406 Deo
1726 2369 1743 2404 ε
1782 2360 1841 2406 et
1882 2347 2141 2429 pluscula
2182 2350 2371 2408 subli—

1005 2463 1196 2536 miter,
1237 2484 1302 2520 ac
1335 2463 1541 2536 nimis,
1574 2485 1609 2522 a
1646 2461 1849 2523 Stoicis
1892 2466 2041 2526 dicta
2053 2507 2357 2527 ........
2404 2465 2498 2528 651

549 2623 672 2634 --
795 2590 904 2651 ῙΧ.
927 2590 1124 2670 Ipsum
1147 2591 1341 2671 imque
1363 2591 1633 2650 Animum
1653 2592 1959 2654 aethereum
1980 2594 2187 2677 Ignem
2210 2617 2365 2670 esse,

997 2707 1168 2766 simul
1209 2708 1383 2766 etiam
1416 2707 1691 2787 Spiritum
1698 2748 2361 2770 .................
2406 2709 2505 2770 555

553 2865 673 2877 -—-—-
792 2829 872 2890 X.
921 2831 1187 2891 Animam
1229 2851 1262 2890 a
1295 2843 1469 2912 partu
1512 2831 1715 2891 Stoicis
1756 2834 1955 2893 venire
1992 2857 2010 2892 ε
2044 2832 2151 2894 sed
2180 2837 2367 2894 verius

988 2949 1154 3007 nobis
1189 2969 1222 3006 a
1257 2945 1595 3008 formatione
1634 2925 1803 3008 foeffls
1818 2991 2359 3010 ..............
2402 2947 2505 3011 656

550 3109 672 3120 -—-
795 3075 907 3135 XI.
945 3073 1090 3134 Eam
1123 3075 1435 3157 longaevam
1462 3117 1479 3150 ,
1508 3099 1623 3134 non
1654 3075 1946 3138 AEtemam
1974 3077 2181 3138 iisdem
2210 3103 2227 3150 ;
2262 3101 2367 3138 ne-

995 3214 1110 3274 que
1149 3213 1351 3251 omnes
1387 3195 1589 3266 etiam,
1626 3206 1686 3253 et
1710 3193 1933 3274 trepide
1968 3205 2069 3254 aut
2105 3196 2367 3278 ambigue

1000 3309 1160 3390 loqui
1167 3349 2158 3370 .........................
2400 3305 2503 3368 653

553 3469 674 3480 --
797 3436 941 3497 XII.
975 3436 1066 3495 De
1104 3436 1443 3517 migratione
1470 3437 1805 3495 Animarum
1840 3435 1901 3494 in
1936 3457 2195 3518 corpora.
2232 3437 2365 3496 Plu-

999 3575 1091 3613 res
1115 3555 1192 3612 ita
1215 3553 1459 3614 sensisse
1481 3597 1498 3626 ,
1526 3575 1641 3612 non
1662 3563 1851 3612 tamen
1872 3552 2089 3613 Stoicos
2104 3595 2357 3612 .......
2398 3551 2493 3614 661

551 3717 673 3730 -—-
795 3684 969 3746 XIII.
1003 3687 1270 3744 Animam
1305 3705 1512 3766 corpus
1545 3682 1747 3743 Stoicis
1770 3705 1928 3756 esse,
1954 3686 2208 3764 itemque
2226 3685 2367 3743 Ter·
2634 3647 2636 3702 Ι

995 3801 1234 3858 tulliano
1241 3841 2355 3861 ............................
2396 3799 2496 3863 663

553 3971 675 3985 --
797 3937 960 3998 XIV.
987 3935 1104 3995 Ubi
1131 3939 1336 3996 Anima
1360 3939 1658 4018 separata?
1677 3940 1892 4020 etquid
1914 3941 2083 4024 ngat?
2107 3941 2179 4002 In
2200 3941 2361 4002 Luna·

965 4055 1134 4114 “orbe
1160 4100 1176 4126 ,
1217 4069 1314 4114 aut
1348 4057 1495 4115 circa
1520 4079 1643 4116 esse
1666 4103 1683 4130 ,
1711 4081 1775 4118 ae
1810 4062 2181 4142 contemplari
2192 4105 2353 4122 .....
2394 4059 2493 4138 664
