2667 4475
685 298 1234 367 EPISTOLA
1283 295 1609 363 CXVII.

2096 306 2226 389 289

107 440 196 528 git
217 449 271 518 ¹,
328 455 540 526 quum
587 430 844 499 bonum
899 427 1244 495 consecuti
1299 446 1567 512 sumus3
1618 449 1755 493 non
1788 428 2045 519 petitur
2080 446 2235 497 tan-

109 572 290 640 quam
320 547 574 615 bonum
591 592 614 629 ,
657 541 778 610 sed
803 540 1016 634 petito
1039 538 1220 606 bono
1255 538 1546 607 accedit.
1581 576 1680 591 -
1706 542 1849 633 Ego
1877 565 2015 608 non
2052 541 2235 610 idem

109 666 311 732 sentio
332 712 353 746 ‚
407 677 478 729 et
509 674 772 727 nostros
809 654 1045 750 judico
1089 656 1161 724 in
1205 655 1339 723 hoc
1378 654 1792 725 descendere
1812 704 1833 739 ,
1889 658 2055 749 quia
2094 660 2237 751 jam

109 783 314 874 primo
365 776 638 867 vinculo
693 790 1054 859 tenentur,
1108 788 1176 839 et
1223 787 1483 841 mutare
1526 773 1662 840 illis
1710 774 2059 843 formulam
2100 800 2241 845 non

109 894 277 963 licet.

1874 896 1887 925 ἱ

197 1012 486 1081 Multum
526 1007 691 1076 dare
739 1004 1030 1075 solemus
1067 1005 1572 1100 praesumptioni
1599 1010 1623 1039 ⁸
1670 1008 1971 1075 omnium
2018 1008 2245 1077 homi-
2292 1028 2325 1081 5

113 1154 258 1197 num
274 1179 297 1214 ,
332 1142 401 1195 et
425 1124 610 1219 apud
633 1148 758 1193 nos
786 1122 1092 1191 veritatis
1111 1136 1587 1213 argumentum
1616 1114 1781 1204 est³,
1808 1123 2073 1217 aliquid
2096 1149 2243 1193 om-

115 1245 306 1315 nibus
339 1242 560 1313 videri
594 1266 612 1307 2
652 1256 1008 1331 tanquam,
1052 1240 1236 1305 Deos
1275 1262 1453 1317 esse,
1502 1240 1683 1305 inter
1718 1238 1851 1307 alia
1884 1239 2018 1309 hoc
2051 1240 2246 1309 colli-

181 1512 223 1545 ι.
251 1482 583 1556 Est-petibile,
609 1486 753 1557 quod
769 1483 916 1538 nobis
942 1484 1132 1537 contin·

111 1573 181 1637 git
197 1608 211 1635 ,
247 1588 411 1638 quum
434 1568 628 1619 bonum
652 1566 906 1617 consecuti
924 1580 1127 1614 sumus.

119 1648 230 1699 Haec
244 1658 317 1699 est
334 1643 482 1716 plana
499 1654 646 1713 atque
659 1651 892 1695 constans
907 1652 1132 1693 veterum

116 1725 354 1779 librorum
381 1724 620 1775 omnium
645 1721 890 1793 scriptura
914 1737 928 1772 ε
957 1718 1012 1771 iu
1033 1740 1134 1790 qua

115 1824 264 1873 quum
301 1799 436 1855 nihil
477 1799 840 1852 desideraretur
857 1835 874 1863 ‚
904 1797 1136 1851 Muretus

117 1895 276 1933 tamen
293 1919 308 1946 ‚
329 1899 421 1952 pro
441 1876 776 1930 immoderata
794 1896 885 1930 sua
909 1874 1138 1928 novandi

120 1958 332 2012 libidine
345 1995 360 2023 ,
383 1976 474 2009 suo
495 1952 738 2008 arbitratu
753 1952 900 2007 istam
919 1952 1134 2015 invexit,

120 2049 162 2089 et
181 2037 366 2112 Lipsio,
383 2046 432 2088 et
449 2032 714 2087 Gronovio
731 2030 940 2101 aliisque
953 2030 1140 2084 doctis-

117 2117 251 2168 simis
273 2111 400 2168 viris
420 2110 679 2186 probatam
698 2144 713 2172 ‚
733 2119 780 2161 et
803 2128 962 2180 nuper
981 2109 1035 2160 in
1058 2108 1138 2162 ed.

119 2192 347 2247 Matthiae
359 2194 650 2262 (postquam
664 2186 848 2240 merito
861 2205 892 2238 a
901 2186 1140 2260 Ruhkop·

121 2269 184 2322 fio
227 2269 488 2344 repudiata
543 2265 755 2331 fuisset)
797 2276 1086 2317 revocatam
1127 2280 1142 2315 ι

120 2347 538 2415 adea-petendum
557 2380 572 2408 ‚
601 2343 746 2410 quod
779 2339 911 2393 bono
937 2343 1142 2394 contin-

116 2431 194 2492 git
206 2447 224 2478 .-
240 2427 400 2496 quod,
415 2443 578 2493 quum
592 2423 786 2474 bonum
799 2424 1051 2474 muscenti
1061 2438 1144 2471 su·

122 2523 256 2571 men,
276 2505 602 2570 ampetitur,
610 2511 702 2552 etc.
719 2497 824 2550 Ubi
837 2497 1007 2549 nescio
1021 2494 1145 2566 quid

121 2583 282 2654 magis
299 2581 475 2644 mirer,
491 2576 870 2631 intolerandam
887 2574 1078 2628 Mureti
1097 2586 1147 2626 et

123 2659 466 2733 importunam
491 2654 760 2730 presertim
781 2655 881 2708 hoc
901 2655 1011 2706 loco
1027 2653 1147 2706 ridi·

121 2738 392 2808 colamque
427 2734 684 2788 licentiam
701 2772 718 2800 ,
756 2752 823 2785 an
859 2731 1146 2786 facilitatem

124 2816 392 2870 doctorum
425 2813 652 2866 virorum
666 2850 683 2878 ‚
721 2805 990 2863 inventum
1011 2807 1148 2861 istud

123 2895 218 2947 sibi
242 2894 510 2948 obtrusum
543 2902 648 2942 tam
669 2907 818 2960 aequo
851 2887 1028 2940 animo
1051 2906 1150 2959 pa-

123 2971 384 3024 tientium·
407 2970 572 3032 Nam,
598 2964 698 3017 alia
722 2976 779 3016 ut
809 2977 996 3016 taceam
1021 2981 1150 3036 proe-

125 3063 198 3101 ter
221 3048 480 3102 rationem
503 3046 557 3098 h.
587 3043 625 3095 l.
647 3055 838 3096 mutata
856 3080 871 3107 ,
907 3041 966 3095 in
986 3059 1154 3095 voca-

123 3129 248 3182 bulo
287 3125 597 3195 ezr-petibile,
637 3122 781 3190 quod
819 3139 848 3172 a
885 3141 938 3174 se
975 3118 1153 3174 fictum

127 3208 328 3260 Seneca
351 3199 631 3277 profitetur,
651 3193 778 3270 quid
799 3209 872 3252 est
891 3197 1032 3269 quod
1054 3197 1156 3249 de-

127 3287 202 3339 sid
209 3284 340 3338 erari
372 3279 593 3354 potuerit
617 3276 642 3330 't'
685 3288 775 3330 aut
811 3287 1154 3328 monstrosum

126 3365 260 3418 illud
269 3360 694 3429 adea-petendum
708 3357 848 3409 unde
862 3355 1068 3410 tandem
1077 3373 1154 3407 ar·

127 3441 288 3516 ripuit
300 3441 534 3494 Muretus
549 3434 574 3489 ἲ
595 3435 798 3490 Scilicet
811 3452 1034 3508 graecum
1046 3452 1154 3486 ver-

127 3521 287 3580 bum.
320 3515 459 3589 quod
491 3514 578 3567 hic
605 3511 894 3585 respexisset
925 3511 1116 3564 Seneca
1137 3547 1153 3576 ,

129 3597 309 3653 statuit
341 3593 434 3647 ille
465 3591 622 3646 fuisse
654 3591 984 3660 προσαιριτδν,
1019 3599 1068 3641 et
1100 3609 1158 3642 ex

129 3678 232 3730 hoc
242 3673 464 3728 latinum
479 3667 710 3743 procudit
720 3669 1161 3736 adea-petendum,

128 3754 277 3828 quod
289 3753 497 3806 Seneca
505 3748 810 3803 obtruderet.
821 3746 978 3817 Atqui
995 3747 1160 3820 ipsum

129 3847 364 3906 gramm
387 3829 698 3899 προσαιρετὶν
722 3825 942 3898 gratuito
963 3845 1164 3901 prorsus

129 3911 354 3966 finxerat
367 3906 446 3959 vir
464 3906 668 3959 doctus:
687 3923 781 3958 nec
798 3903 936 3958 enim
953 3923 1166 3974 usquam

133 3986 323 4060 (quod
359 3985 600 4056 equidem
639 3981 869 4038 noverim
889 3987 909 4050 )
945 4001 1164 4054 gracum

133 4067 277 4122 istud-
287 4063 598 4118 vocabulum
616 4082 676 4115 eo
695 4099 712 4126 ,
734 4080 834 4130 quo
849 4059 958 4114 vult
971 4097 988 4125 ,
1011 4059 1166 4130 sigui·

339 4161 460 4229 IV.

1229 1478 1383 1535 ficatu
1404 1479 1651 1545 occurrit,
1687 1495 1771 1535 aut
1804 1481 1867 1537 ab
1900 1483 2007 1535 ullo
2044 1482 2252 1537 homine

1229 1578 1455 1630 unquam
1498 1572 1787 1633 usurpatum
1824 1560 2087 1635 reperitur.
2118 1562 2253 1613 Tum

1230 1660 1353 1693 vero
1368 1681 1382 1703 ‚
1398 1638 1441 1692 si
1454 1639 1537 1692 vel
1555 1657 1781 1711 unquam
1796 1659 1825 1693 a
1842 1640 2138 1695 Graecorum
2158 1642 2258 1693 ali-

1232 1739 1336 1790 quo
1360 1730 1655 1790 usurpatum
1686 1717 1819 1771 istud
1837 1717 2141 1771 vocabulum
2165 1739 2250 1771 re-

1233 1799 1505 1873 periretur,
1542 1817 1647 1849 non
1682 1810 1803 1871 erat·
1826 1796 1956 1849 illud
1996 1811 2166 1851 tamen
2202 1799 2257 1850 id

1236 1878 1375 1951 quod
1396 1877 1480 1931 hic
1504 1878 1561 1931 in
1587 1878 1761 1931 animo
1787 1876 2030 1930 habuerat
2048 1878 2260 1931 Seneca.

1235 1959 1371 2009 Nam
1401 1956 1583 2009 diserte
1604 1956 1713 2029 ipse
1745 1955 1841 2021 ait,
1870 1956 2107 2011 Groecum
2131 1957 2263 2009 illud

1237 2034 1543 2089 vocabulum
1562 2033 1629 2086 ita
1643 2035 1917 2087 somatum
1934 2054 2039 2087 esse
2052 2072 2069 2100 ,
2087 2046 2143 2086 ut
2158 2053 2263 2086 ex-

1230 2114 1452 2183 petendo
1484 2110 1581 2181 (τῷ
1617 2114 1822 2184 αἱρετῷ)
1860 2116 2265 2181 interponeretur

1237 2210 1347 2244 una
1360 2188 1571 2260 syllaba
1586 2208 1603 2242 .·
1622 2190 1762 2260 atqui
1785 2190 1841 2242 in
1862 2210 1975 2243 voc.
1998 2182 2262 2260 erpeeutpess·

1239 2272 1320 2322 τὶν
1345 2289 1451 2321 non
1486 2273 1790 2340 interposita
1806 2306 1822 2333 ‚
1855 2269 1943 2321 sed
1972 2274 2261 2338 proeposita

1242 2357 1318 2400 est
1342 2347 1552 2420 syllaba.
1590 2347 1770 2401 Graeea
1806 2368 1930 2413 vox,
1969 2369 2119 2421 quam
2146 2368 2263 2401 res-

1241 2437 1445 2498 pexerat
1458 2424 1653 2478 Seneca
1668 2461 1687 2490 ,
1704 2423 1840 2477 baud
1858 2425 2011 2478 dubie
2028 2429 2263 2495 αἱρέσιμον

1245 2514 1349 2554 erat
1376 2519 1389 2552 ε
1416 2502 1499 2554 cui
1530 2515 1733 2576 perapte
1756 2504 2025 2577 respondet
2042 2504 2264 2558 latinum

1241 2581 1523 2646 expetibile
1536 2618 1565 2652 ,·
1579 2592 1608 2631 a
1630 2579 1930 2656 philosopho
1948 2595 2121 2636 nostro
2144 2585 2265 2636 sor-

1240 2669 1457 2709 matum.
1490 2649 1652 2710 Sam.
1674 2683 1744 2697 —
1768 2657 2081 2729 Expetibile
2108 2662 2265 2714 semel

1241 2748 1441 2788 tantum
1455 2735 1623 2788 adhuc
1634 2736 1772 2808 apud
1787 2737 2019 2791 Tacitum
2032 2776 2047 2804 ‚
2075 2741 2264 2793 Annal.

1249 2811 1339 2875 ιθ,
1364 2833 1423 2864 nt
1444 2851 1459 2874 ,
1491 2832 1550 2874 a,
1572 2814 1819 2877 occurrit,
1838 2835 1934 2868 nec
1964 2815 2037 2868 ibi
2056 2817 2263 2886 quidem

1242 2901 1351 2942 tuto
1366 2927 1381 2952 ‚
1422 2911 1583 2961 quum
1627 2891 1828 2946 Ernesti
1862 2898 2267 2963 exspectabilem

1247 2968 1489 3039 prael'erat.
1512 2968 1696 3022 Rubk.

1313 3067 1361 3099 2.
1382 3049 1809 3119 Peoesumptsont.
1841 3051 2111 3126 Proeceptae
2144 3054 2267 3126 opi-

1249 3124 1396 3176 1ιὶουί
1411 3161 1426 3188 ‚
1450 3126 1711 3196 προλήψει.
1729 3127 1879 3196 Hp&
2088 3147 2093 3150 '

1316 3201 1365 3254 3.
1387 3205 1648 3257 Veritatis
1664 3215 2029 3274 argumentum
2046 3217 2137 3260 est.
2160 3209 2269 3262 Me·

1250 3281 1378 3348 rito,
1416 3281 1486 3333 ait
1522 3281 1751 3354 Lipsius;
1784 3301 1903 3336 uam
1942 3285 2047 3356 ipsa
2088 3287 2270 3340 veritas

1251 3359 1425 3432 grecis
1444 3360 1581 3412 dicu·
1596 3361 1821 3426 ἀλήθεια,
1848 3365 1911 3424 ὦς
1928 3365 1983 3415 eb
2014 3365 2078 3432 μὴ
2098 3367 2239 3421 λῆθον
2256 3383 2270 3417 :

1250 3437 1389 3507 quod
1414 3457 1519 3491 non
1538 3437 1717 3504 lateat,
1738 3439 1905 3511 sitque
1926 3442 2161 3497 omnibus
2182 3465 2277 3497 nov·

1249 3526 1318 3566 ta.
1336 3515 1595 3586 —Exigui
1610 3529 1779 3570 autem
1792 3521 2037 3573 momenti
2052 3541 2155 3576 esse
2178 3523 2275 3578 hoc

1252 3591 1477 3644 veritatis
1501 3607 1875 3665 argumentum,
1892 3613 2049 3669 quum
2063 3599 2277 3656 historia
2366 3647 2375 3654 ,

1257 3669 1555 3742 dogmatum
1580 3692 2019 3746 quorumcumque
2044 3680 2161 3732 satis
2178 3703 2279 3736 su·-

1261 3767 1450 3820 perque
1468 3750 1615 3802 docet
1626 3787 1641 3813 ,
1663 3761 1770 3803 tum
1788 3749 2106 3826 philosophia
2117 3759 2279 3814 subti-

1262 3825 1362 3879 lior
1386 3827 1539 3898 probe
1565 3828 1766 3883 evincit.
1792 3829 2041 3886 Ceterum
2068 3835 2165 3888 hoe
2186 3858 2280 3889 ar*

1264 3917 1567 3977 gumentum
1606 3904 1785 3959 Cicero
1830 3927 2033 3980 quoque
2072 3909 2277 3964 firmum

1264 3995 1409 4034 vocat
1429 3983 1577 4036 Tusc.
1600 3983 1655 4050 1,
1686 3983 1779 4048 23,
1804 3987 1877 4046 cf„
1892 3987 1953 4040 de
1972 3989 2128 4061 Legg.
2158 3991 2209 4056 1,
2230 3993 2280 4045 8.

1266 4061 1389 4112 Nat.
1408 4059 1473 4112 D.
1494 4061 1549 4124 1,
1572 4069 1643 4116 ιδ.
1661 4083 1688 4112 ιι
1708 4061 1954 4133 Epicurus
1970 4065 2107 4119 solus
2122 4067 2281 4138 vidit,

1908 4185 1991 4250 ¹9
