2667 4475
487 325 618 415 570
1205 320 1518 395 JUSTI
1564 306 1893 393 mrsn'

481 464 668 525 titiam
687 475 1010 523 contemnat
1027 506 1046 539 ,
1067 466 1210 525 viles
1223 488 1389 527 curas
1408 479 1581 527 exuat
1597 511 1618 541 ,
1632 488 1811 549 quum
1826 511 1847 541 ,
1868 468 2029 528 velut
2044 469 2297 549 patriam
2318 481 2373 527 et
2388 468 2545 527 urlm

481 569 760 629 mnndum
799 570 912 629 sihi
953 571 1314 632 circumdat?
1346 572 1561 633 Senem
1604 571 1871 655 (consol.
1921 574 1999 634 ad
2048 572 2267 655 Helv.)
2286 598 2305 631 ε
2338 600 2365 627 ι
2402 571 2551 653 Hagno

479 677 668 735 animo
697 697 800 735 nos
829 698 946 735 non
975 678 1143 737 unius
1163 679 1322 738 urbis
1352 678 1637 738 moenibus
1662 680 2028 753 inclusimus,
2052 680 2165 740 sed
2188 682 2253 739 in
2276 682 2435 739 totius
2452 679 2551 736 urhis

477 782 880 841 coinmeminm
899 783 1188 843 emisimus
1206 827 1224 857 ‚
1249 786 1607 866 patriamque
1624 786 1791 847 nobis
1812 784 2056 867 professi
2082 808 2292 845 sumus
2312 784 2551 847 Mundum.

479 899 544 947 ut
561 888 760 949 liceret
783 890 1041 950 latiorem
1067 912 1334 973 campum
1364 892 1559 951 virtuti
1590 891 1749 951 dare.
1782 918 1811 945 ιι
1842 892 1991 953 Sane
2020 894 2225 953 oin-tadi
2240 938 2259 962 .
2292 905 2349 951 et
2370 892 2551 951 maxine

477 994 696 1053 caritati
725 1016 792 1053 ac
819 1017 966 1054 curae
995 998 1220 1076 generis
1249 992 1511 1055 humani.
1550 995 1767 1056 Omnes
1802 999 1975 1056 unius
2010 998 2181 1056 urbis
2220 997 2373 1055 civ&
2394 1012 2548 1054 sums·

479 1098 675 1159 Cicero
703 1099 776 1159 de
813 1100 1012 1161 Stoicis
1035 1100 1164 1183 (IV
1196 1101 1270 1162 de
1303 1100 1477 1183 Fin.)
1506 1125 1525 1160 ε
1564 1129 1592 1155 σι
1619 1102 1697 1161 At
1730 1115 1945 1183 quanta
1982 1100 2313 1161 conantur?
2338 1098 2549 1159 Mundum

475 1203 630 1265 hunc
649 1228 874 1267 omnem
893 1207 1168 1290 oppidum
1185 1230 1308 1268 esse
1323 1220 1603 1269 nostrum.
1620 1208 1885 1268 Incendit
1900 1207 2076 1290 igitur
2096 1230 2227 1282 eos,
2244 1208 2341 1289 qui
2355 1204 2544 1265 audiunt

477 1312 654 1372 Vides
673 1326 944 1394 quantam
967 1336 1086 1373 rem
1105 1336 1236 1396 ngas
1258 1314 1284 1373 2
1303 1326 1369 1373 ut
1386 1314 1621 1373 Circeiis
1639 1316 1742 1397 qui
1755 1314 1994 1387 habitet,
2016 1314 2183 1373 lmnc
2202 1334 2423 1373 omnem
2437 1309 2549 1368 Hun-

478 1420 616 1480 ‹lum
643 1441 808 1479 suum
837 1420 1212 1500 municipium
1235 1441 1361 1480 esse
1384 1421 1691 1480 existimet.
1722 1446 1751 1473 ι·
1776 1418 1853 1480 Et
1866 1441 2003 1501 vero
2029 1418 2189 1478 hanc
2208 1412 2549 1478 communionis

477 1528 752 1586 rationem
773 1526 1030 1585 Pontifici
1059 1526 1389 1586 Judaeorum
1418 1522 1593 1585 fuisse
1621 1528 1681 1584 in
1708 1526 1884 1587 animi
1912 1526 2091 1584 oculis
2112 1570 2136 1600 ‚
2172 1524 2335 1584 Philo
2352 1519 2549 1605 praedicnt

475 1632 601 1713 (De
621 1632 956 1692 Monarchia
982 1630 1078 1713 ῙῘ)
1105 1655 1123 1690 =
1154 1658 1182 1686 οι
1209 1632 1401 1708 Quum
1422 1634 1579 1692 enim
1601 1675 1618 1706 ,
1644 1634 1831 1713 inquit
1852 1676 1869 1707 ,
1898 1632 2145 1691 aliarum
2164 1632 2409 1714 gentium
2424 1646 2547 1685 satu*

477 1738 640 1797 dotes
653 1782 670 1810 ,
695 1761 811 1797 non
830 1740 941 1798 nisi
963 1762 1064 1820 pro
1085 1739 1203 1798 suis
1225 1782 1242 1811 ‚
1270 1750 1326 1797 et
1344 1740 1541 1799 amicis
1560 1782 1579 1815 ,
1606 1751 1663 1798 et
1680 1738 1899 1799 civibus
1919 1751 2051 1797 vota
2070 1751 2178 1798 aut
2198 1758 2355 1798 sacra
2370 1733 2547 1796 saciant,

477 1866 729 1903 summus
755 1843 1080 1904 Judaeorum
1107 1843 1369 1904 Pontifex
1390 1889 1407 1918 ,
1440 1867 1559 1905 non
1584 1844 1769 1905 solum
1800 1866 1905 1925 pro
1932 1855 2051 1904 toto
2076 1865 2298 1927 genere
2322 1826 2543 1903 Rumam,

477 1949 579 2008 sed
597 1962 654 2009 et
672 1971 778 2031 pro
804 1964 1016 2009 naturae
1041 1951 1305 2011 omnibus
1327 1952 1585 2033 partibus
1605 1996 1625 2027 ,
1652 1964 1800 2012 terra
1822 1995 1841 2026 ,
1872 1973 2019 2033 aqua
2039 1993 2059 2025 ,
2086 1973 2229 2011 nere
2244 1994 2265 2024 ‚
2294 1951 2414 2032 igne
2432 1989 2445 2017 ι
2462 1961 2547 2025 1²¹⁹·

476 2076 570 2114 ces
597 2066 896 2137 gratesque
923 2057 1174 2137 concipit
1205 2080 1222 2114 ε
1254 2055 1541 2117 Mundum
1564 2054 1719 2117 hunc
1748 2057 2077 2117 existimans
2096 2052 2230 2139 (uti
2254 2074 2433 2116 revera
2462 2042 2545 2123 δῖ)

475 2162 717 2244 patm'am
744 2182 905 2221 suam
940 2183 1084 2222 esse.
1117 2188 1146 2215 a»
1181 2162 1451 2223 Fructum
1485 2164 1778 2223 sententia
1804 2162 1965 2224 vides
1997 2186 2014 2220 ε
2060 2174 2119 2222 et
2154 2162 2307 2223 adde
2330 2159 2539 2220 alterum,

477 2269 553 2329 de
571 2267 791 2327 Exsilio
812 2290 828 2340 ;
849 2269 1008 2350 quod
1027 2289 1150 2329 esse
1172 2269 1394 2329 nullum
1418 2282 1603 2351 potest
1620 2271 1703 2328 sic
1725 2271 1995 2328 animato.
2032 2295 2061 2322 α
2086 2265 2425 2328 Emetiamur
2439 2259 2545 2320 enim

477 2393 864 2455 quascmnque
898 2385 1075 2434 terras
1099 2417 1116 2447 ,
1155 2373 1372 2434 nullam
1414 2375 1673 2435 invenire
1705 2375 1853 2435 intra
1880 2373 2173 2434 Mundum
2204 2387 2291 2434 est
2311 2415 2328 2446 ,
2364 2369 2543 2430 alienam

477 2482 662 2542 nobis.
703 2507 731 2534 ι»
758 2478 928 2562 (Sen.
959 2481 1034 2540 ad
1062 2481 1236 2540 Helv.
1270 2502 1399 2562 cap.
1436 2501 1457 2540 1
1477 2478 1568 2563 ι.)
1596 2481 1688 2541 Sic
1718 2481 1891 2566 igitur
1918 2479 1993 2542 de
2010 2479 2238 2541 Mundo
2264 2477 2417 2540 Stoici
2438 2497 2451 2530 z
2472 2465 2543 2529 etsi

481 2585 696 2647 Coelum
729 2588 901 2646 etiam
929 2587 1228 2646 Civitatem
1249 2629 1266 2660 ,
1295 2599 1354 2646 et
1378 2585 1612 2667 quidem
1635 2587 1866 2678 proprie
1884 2629 1903 2660 ,
1926 2586 1977 2645 si
2002 2584 2287 2645 Clementi
2306 2578 2539 2642 credimus,

477 2694 676 2752 volunt
701 2691 836 2752 dici.
869 2691 976 2752 Ille
1007 2713 1188 2772 quum
1223 2691 1504 2752 caelestem
1532 2693 1821 2753 civitatem
1848 2693 1911 2751 in
1938 2691 2123 2751 Sacris
2154 2691 2387 2773 legeret,
2414 2696 2458 2742 et
2484 2677 2541 2738 rei

477 2821 592 2859 suae
621 2811 870 2881 aptaret,
898 2798 1056 2858 addit
1079 2796 1204 2879 (IV
1237 2798 1444 2858 Strom.
1478 2798 1542 2857 in
1570 2797 1725 2880 fine)
1758 2819 1777 2857 z
1811 2824 1840 2852 κ
1862 2797 2078 2856 Dicunt
2108 2809 2169 2856 et
2196 2793 2359 2858 Stoici
2388 2787 2539 2849 Gelu·

478 2897 705 2991 'proprie
731 2906 1014 2968 civitatem
1039 2925 1196 2976 esse;
1233 2925 1359 2985 quae
1390 2916 1580 2964 autem
1606 2905 1701 2964 hic
1743 2905 1803 2963 in
1836 2917 1983 2963 terra
2006 2913 2143 2963 sunt
2174 2901 2409 2961 civitat&
2428 2936 2441 2966 ,
2462 2888 2539 2949 diti

479 3017 711 3098 quidem
727 3059 744 3088 ‚
781 3026 840 3074 at
865 3035 984 3073 non
1015 3033 1160 3072 esse.
1195 3037 1224 3064 »
1269 3011 1400 3086 Quo
1437 3032 1544 3094 ego
1582 3011 1868 3070 Plutarchi
1907 3010 2395 3090 reprehensionem
2418 3019 2541 3080 speo-

479 3135 627 3181 tasse
659 3119 902 3180 arbitror
930 3160 948 3191 ,
983 3117 1091 3175 etsi
1133 3115 1308 3176 verba
1339 3115 1401 3173 in
1432 3113 1646 3174 Graecis
1670 3112 1835 3196 (meo
1864 3113 2098 3194 quidem
2130 3111 2322 3193 libro)
2346 3107 2539 3182 compti

482 3240 580 3286 aut
617 3248 818 3286 manca
863 3235 996 3283 sunt
1028 3246 1047 3281 ε
1087 3247 1115 3275 0«
1142 3220 1256 3282 Sed
1300 3232 1361 3281 et
1407 3223 1605 3294 aiunt,
1646 3221 1885 3279 deorum
1921 3219 2153 3280 domum
2180 3217 2397 3302 (putem
2432 3209 2538 3270 mim

483 3330 843 3393 scribendum
869 3373 885 3404 ,
907 3337 1044 3391 θεῶν
1063 3329 1201 3391 οἷκον
1226 3371 1242 3402 ,
1267 3349 1374 3408 pro
1394 3331 1453 3388 τὸ
1478 3338 1637 3394 νεῖκος
1653 3370 1671 3400 ,
1694 3325 1850 3407 quod
1869 3325 2092 3384 nullum
2116 3345 2335 3388 sensum
2354 3307 2534 3402 ptaeffl)

485 3459 608 3498 esse
643 3439 928 3496 civitatem
960 3478 980 3509 ‚
1023 3437 1174 3495 cives
1221 3446 1416 3494 autem
1462 3433 1650 3494 stellas
1670 3475 1686 3505 ,
1732 3431 1807 3492 ad
1852 3431 1959 3494 hoc
1999 3434 2169 3498 etiam
2218 3427 2426 3490 tribules
2449 3463 2461 3490 2
2496 3427 2535 3474 θ’

379 3609 388 3614 ,
481 3547 837 3628 magistratus
883 3567 899 3602 =
934 3564 1140 3625 nempe
1175 3541 1361 3602 Solem
1391 3542 1561 3602 etiam
1612 3540 1973 3611 senatorem,
2020 3552 2075 3599 et
2101 3539 2400 3618 Hesperum
2434 3525 2531 3604 ΡἿ·

484 3653 661 3713 tanim
705 3649 797 3710 vel
835 3649 1102 3710 AEdilem.
1143 3675 1171 3703 ι»
1213 3647 1348 3732 (De
1376 3649 1676 3709 Commnn.
1718 3643 1899 3727 Not.)
1925 3643 2047 3705 Nisi
2091 3645 2267 3728 magis
2296 3655 2451 3702 tamen
2476 3637 2533 3686 δῖ

483 3761 596 3842 legi
631 3762 721 3828 τάν
763 3761 954 3838 κόσμοι
1003 3755 1130 3818 εἶναι
1153 3801 1172 3827 ,
1225 3767 1284 3814 et
1325 3755 1667 3818 concinnare
1720 3751 1943 3812 divulsa
1989 3775 2009 3812 ε
2043 3764 2210 3833 atque
2246 3749 2319 3809 ad
2352 3743 2528 3826 priorem

487 3867 796 3950 imaginem.
833 3864 909 3923 de
943 3861 1167 3922 Mundo
1210 3874 1328 3921 toto
1372 3859 1587 3920 referre
1612 3901 1631 3935 ,
1664 3859 1757 3919 cui
1800 3857 1899 3918 Dii
1930 3859 2146 3919 scilicet
2184 3867 2241 3918 et
2280 3850 2449 3914 coelites
2476 3837 2528 3898 iffi

485 3983 752 4052 praesunt.
789 3969 973 4044 Quem
1015 3969 1220 4027 iterum
1247 3966 1357 4026 alia
1380 3967 1627 4048 imagine
1651 4009 1669 4039 ‚
1706 3977 1763 4024 et
1782 3964 1963 4048 magis
1991 3977 2223 4048 augusta
2240 4006 2257 4037 ,
2296 3949 2529 4020 assimss²⁰¹

488 4077 655 4136 etiam
707 4097 838 4138 cnm
880 4074 1138 4153 Templo.
1193 4073 1408 4134 Seneca
1450 4066 1585 4152 (De
1628 4069 1825 4132 Benef.
1874 4069 1993 4132 VII
2017 4115 2034 4145 ,
2076 4091 2200 4152 cap.
2242 4065 2313 4152 7)
2349 4086 2365 4122 ε
2394 4087 2417 4112 ··
2444 4053 2533 4114 Τθ·
