2667 4475
871 321 1446 393 EP1sT0LAE.
2085 331 2222 426 479

84 482 247 526 rum
260 505 285 541 ,
319 453 437 523 sed
462 453 649 523 cultu
677 449 967 544 quodam
999 450 1381 522 decoranda
1408 471 1510 524 est
1538 483 1553 522 ε
1583 478 1710 524 nec
1733 477 2010 526 vereare
2035 461 2220 552 quod

84 576 341 666 saepius
370 588 433 639 te
460 570 703 638 dixisse
728 569 1017 650 retinen,
1046 569 1290 638 multos
1318 572 1436 662 qui
1464 570 1624 639 talia
1647 571 1962 641 affectent
1985 597 2219 646 sensus

85 708 531 781 corrumpere
556 735 575 768 ,
618 707 849 752 rerum
898 683 1181 752 virtutes
1222 687 1627 754 eviscerare.
1671 687 2002 756 Caeterum
2049 692 2218 759 mihi

86 803 428 872 concedas
462 800 661 869 velim
684 849 707 885 ,
748 799 1063 867 latinitati
1091 821 1342 868 morem
1381 825 1656 894 gerere,
1695 801 1998 873 honestis
2032 808 2221 874 voci-

88 917 229 984 bus
267 915 565 1008 speciem
612 911 939 980 adhibere
960 961 979 993 ,
1034 924 1113 978 ut
1156 915 1466 1005 generosi
1521 917 1820 984 muneris
1877 921 2219 988 concessio

92 1030 311 1122 digne
336 1052 377 1095 a
402 1043 471 1096 te
496 1027 707 1120 possit
730 1024 1059 1118 expediri.
1090 1027 1271 1093 Bene
1296 1026 1473 1094 vale.
1505 1028 1676 1097 Data
1709 1053 1791 1103 11.
1834 1032 2044 1100 Nonis
2079 1033 2216 1102 Jul.

87 1147 353 1214 Catone
392 1159 462 1212 et
494 1143 747 1212 Sabino
786 1141 977 1210 Coss.

539 1315 731 1377 XIV.
778 1335 1051 1376 nunus
1094 1335 1378 1376 snnncffi
1417 1330 1758 1378 saturnu.

188 1471 651 1566 Pel-pendenti
685 1471 809 1540 tibi
847 1495 927 1540 ea
962 1486 1120 1540 sunt
1148 1472 1444 1541 revelata
1461 1523 1480 1554 ,
1522 1497 1672 1565 quae
1705 1474 1936 1566 paucis
1973 1474 2220 1544 divini·-

88 1606 200 1657 tus
232 1590 590 1658 concessit.
631 1589 853 1658 Certis
892 1589 1105 1682 igitur
1138 1611 1266 1680 ego
1295 1589 1366 1655 in
1396 1612 1560 1682 agro
1585 1590 1726 1681 jam
1755 1588 1963 1657 fertili
1991 1614 2220 1659 semen

86 1707 529 1775 fortissimum
567 1729 719 1774 sero
740 1755 759 1788 ,
806 1728 947 1774 non
986 1703 1263 1796 quidem
1309 1708 1655 1773 materiam
1690 1730 1841 1800 quae
1877 1711 2224 1803 corrumpi

84 1823 393 1911 videtur,
424 1819 544 1890 sed
567 1822 851 1892 verbum
877 1820 1114 1889 stabile
1148 1818 1260 1888 dei
1305 1820 1836 1891 derivamentum
1857 1827 2222 1893 crescentis

84 1953 158 2005 et
204 1937 542 2005 manentis
589 1936 663 2004 in
703 1951 1027 2004 aeternum
1045 1985 1070 2021 ,
1125 1933 1306 2026 quod
1351 1935 1714 2028 prudentia
1761 1952 1876 2005 tua
1918 1954 2222 2008 assecuta

86 2068 229 2136 est,
264 2050 664 2120 indeficiens
697 2051 839 2119 fore
866 2049 1178 2133 debebit,
1210 2051 1650 2120 Ethnicorum
1680 2053 2222 2124 Israhelitarum-

84 2191 227 2261 que
264 2167 763 2239 observationes
799 2191 1079 2235 censere
1121 2166 1454 2235 vitandas.
1489 2171 1749 2239 Novum
1787 2185 1852 2238 te
1877 2187 2218 2241 auctorem

86 2282 373 2369 feceris,
404 2284 661 2353 Christi
688 2287 849 2354 Jesu
876 2284 1235 2376 praeconiis
1271 2282 1690 2353 ostendendo
1722 2286 2080 2355 rhetoricis
2112 2288 2220 2353 ir-

81 2399 697 2492 reprehensibilem
750 2398 1055 2492 sophiam
1075 2448 1099 2484 ,
1158 2422 1360 2491 quam
1416 2398 1898 2491 propemodum
1934 2399 2218 2495 adeptus

86 2514 237 2605 regi
279 2514 667 2604 temporali,
708 2513 993 2607 ejusque
1027 2510 1414 2578 domesticis
1438 2525 1642 2602 atque
1674 2509 1827 2579 fidis
1851 2515 2082 2582 amicis
2108 2516 2222 2581 in-

82 2629 415 2716 sinuabis,
433 2631 679 2722 quibus
696 2654 935 2721 aspera
958 2644 1027 2695 et
1047 2626 1444 2719 incapabilis
1467 2629 1600 2696 erit
1619 2634 1988 2722 persuasio,
2008 2658 2216 2725 quum

82 2746 401 2839 plerique
435 2768 669 2812 eorum
718 2745 997 2811 minime
1044 2742 1403 2810 flectantur
1447 2742 2013 2816 insinuationibus
2042 2751 2210 2834 tuis,

82 2858 337 2952 quibus
371 2857 575 2925 vitale
620 2854 1041 2925 commodum
1090 2879 1308 2924 sermo
1349 2856 1477 2925 Dei
1519 2858 1916 2943 instillatus,
1971 2886 2212 2932 novum

78 2974 429 3041 hominem
465 2973 611 3041 sine
648 2971 1029 3065 corruptela
1058 3022 1077 3053 ‚
1126 2988 1522 3065 perpetuam
1571 2976 1862 3043 animam
1917 2980 2097 3069 parit
2127 2980 2214 3047 ad

76 3095 305 3158 Deum
338 3089 587 3158 isthinc
621 3104 1126 3181 properantem.
1170 3090 1332 3157 Vale
1351 3140 1373 3171 ,
1417 3090 1670 3158 Seneca
1703 3093 2042 3161 carissime
2078 3118 2215 3161 no-

78 3208 208 3277 bis.
257 3206 431 3277 Data
456 3202 789 3277 Calendas
820 3207 1110 3299 August.
1146 3208 1402 3273 Latone
1431 3221 1500 3274 et
1523 3206 1772 3275 Sabino
1807 3209 1996 3278 Coss.
