2667 4475
647 294 1204 366 EPISTOLA
1250 295 1729 365 LXXXIX.
1880 328 1888 335 ·
2180 300 2257 369 13

103 428 254 497 cubi
301 428 624 523 imposita
675 427 1059 512 montibus,
1104 428 1180 495 in
1215 442 1479 495 vastum
1528 443 1865 497 terrarum
1914 430 2258 524 marisque

104 560 532 637 prospectum
555 594 574 627 ‚
629 542 886 612 alieubi
941 566 1023 611 ex
1070 542 1274 635 plano
1327 545 1403 611 iu
1450 540 1883 611 altitudinem
1920 546 2257 613 montium

105 658 381 747 educta3
428 684 640 752 quum
680 659 894 728 multa
925 658 1425 729 aedificaveritis
1444 708 1463 739 ,
1506 682 1717 751 quum
1754 660 2061 752 ingentia
2080 711 2103 747 ‚
2142 676 2258 731 ta-

105 796 248 843 men
281 790 354 843 et
392 776 666 870 singula
703 796 996 867 corpora
1029 775 1226 860 estis,
1271 788 1344 841 et
1384 773 1695 867 parvula.
1743 773 1936 867 Quid
1971 792 2259 869 prosunt

105 891 302 961 multa
337 892 710 961 cubicula?
741 892 818 959 in
853 914 992 958 uno
1022 890 1294 984 jacetis.
1346 892 1499 959 Non
1536 904 1639 959 est
1670 906 1973 959 vestrum
1996 896 2050 980 ¹,
2086 894 2257 963 ubi-

107 1032 384 1101 cumque
419 1032 564 1077 non
599 1008 786 1075 estis.
826 1007 932 1077 Ad
963 1031 1086 1077 vos
1122 1003 1375 1075 deinde
1409 1021 1713 1090 transeo,
1756 1031 2047 1099 quorum
2082 1035 2257 1105 pro-

107 1121 306 1191 funda
365 1140 436 1193 et
495 1123 900 1193 insatiabilis
953 1122 1114 1217 gula
1169 1122 1336 1190 hinc
1394 1123 1605 1190 maria
1660 1136 2027 1207 serutatur,
2088 1124 2256 1195 hinc

107 1256 336 1309 terras.
369 1239 532 1307 Alia
556 1240 772 1309 hamis
791 1290 813 1325 ,
851 1240 986 1308 alia
1025 1238 1284 1331 laqueis
1305 1289 1322 1319 ‚
1356 1238 1489 1307 alia
1517 1239 1770 1307 retium
1796 1242 2003 1310 variis
2033 1266 2255 1336 gene-

107 1354 284 1423 ribus
315 1380 472 1425 cum
503 1382 753 1451 magno
784 1357 1020 1425 labore
1049 1356 1526 1451 persequitur3
1570 1355 1777 1424 nullis
1811 1356 2247 1443 animalibus,

107 1472 229 1539 nisi
263 1496 346 1539 ex
377 1471 724 1556 fastidi02,
766 1496 898 1567 pax
933 1488 1059 1541 est.
1103 1471 1525 1565 Quantulum
1572 1472 1756 1539 enim
1791 1496 1873 1539 ex
1906 1473 2051 1540 istis
2084 1496 2253 1566 epu-

109 1584 225 1672 lis,
280 1613 434 1680 quae
492 1613 618 1681 per
663 1604 762 1657 tot
801 1589 1203 1683 comparatis
1242 1612 1520 1671 manus,
1577 1587 1750 1665 sesso
1790 1589 2251 1683 voluptatibus

110 1724 216 1768 ore
257 1702 540 1771 libatis?
584 1703 985 1795 quantulum
1041 1728 1124 1771 ex
1171 1706 1298 1773 ista
1342 1704 1485 1773 fera
1508 1754 1528 1785 ,
1580 1704 1960 1797 periculose
2004 1721 2201 1799 capta
2220 1756 2243 1792 ‚

113 1814 410 1886 dominus
445 1818 704 1889 crudus
736 1844 818 1887 ac
861 1843 1198 1888 nauseans
1243 1822 1521 1914 gustat?
1568 1822 1977 1913 quantulum
2015 1845 2095 1888 ex
2150 1836 2250 1887 tot

111 1936 524 2037 conchyliis,
579 1954 714 2007 tam
767 1938 972 2030 longe
1019 1937 1359 2022 advectis,
1415 1962 1543 2032 per
1584 1940 1787 2007 istum
1832 1939 2249 2008 stomachum

113 2052 578 2145 inexplebilem
612 2054 918 2123 labitur?
949 2055 1264 2124 Infelices
1307 2057 1550 2139 etiam,
1597 2055 1782 2149 quod
1816 2081 1955 2125 non
1992 2057 2247 2126 intelli·
2302 2106 2312 2115 -

117 2167 291 2259 gitis,
329 2170 661 2264 majorem
699 2194 819 2240 vos
853 2169 1092 2240 famem
1137 2168 1436 2254 habere,
1483 2194 1685 2264 quam
1718 2187 2121 2242 ventrem.»
2152 2210 2253 2225 -

114 2283 258 2352 Haec
299 2285 451 2354 aliis
503 2284 615 2354 dic
638 2337 658 2366 ‚
707 2303 824 2370 ut,
865 2285 1024 2356 dum
1069 2286 1276 2368 dicis,
1317 2285 1557 2354 audias
1592 2289 1780 2380 ipse3
1820 2286 2045 2389 scribe
2068 2339 2085 2370 ‚
2120 2305 2199 2357 ut
2222 2338 2243 2372 ,

118 2396 258 2466 dum
292 2402 577 2484 scribis,
621 2402 854 2496 legas3
907 2404 1132 2470 omnia
1179 2402 1269 2470 ad
1324 2427 1586 2485 mores,
1638 2419 1705 2470 et
1752 2403 1843 2472 ad
1878 2401 2249 2472 sedandam

121 2515 350 2584 rabiem
386 2517 758 2587 affectuum
799 2518 1130 2587 referens.
1180 2517 1433 2600 Stude,
1488 2532 1565 2585 ut
1606 2543 1747 2587 non
1788 2519 1945 2611 plus
1986 2518 2251 2611 aliquid

119 2629 308 2710 scias,
344 2631 470 2699 sed
503 2646 586 2698 ut
619 2632 888 2700 melius.
928 2631 1122 2700 Vale.

121 2841 256 2896 ratius
272 2845 618 2899 adnumerat.
646 2865 703 2898 ac
729 2845 806 2919 pri
791 2865 892 2897 imo
914 2843 1123 2916 quidem
1223 2865 1320 2916 quc
1339 2843 1555 2898 aedificia
1569 2843 1834 2918 splendida
1848 2883 1863 2911 ,
1880 2811 2149 2920 {retiosam
2162 2865 2251 2898 su-

119 2917 221 2972 loeo
233 2923 388 2993 tangit
401 2921 672 2978 saeculisui
687 2922 958 2989 insaniam,
976 2923 1124 2976 villas
1223 2924 1525 2995 pellectilem
1540 2961 1555 2988 ,
1579 2935 1671 2976 etc.
1702 2937 1795 2976 etc.
1835 2945 1862 2970 ιο
1895 2951 1963 2964 —
1986 2923 2251 2992 Resplen-

121 2994 168 3046 iu
186 2999 304 3050 mari
325 2999 518 3054 edifica
523 2999 655 3053 ndi:
677 3011 788 3052 tum
813 3000 968 3074 pisces
989 3001 1122 3074 ipsos
1221 3004 1383 3056 deant
1398 3001 1467 3052 R.
1490 3005 1565 3055 A.
1582 3023 1625 3056 c.
1648 3001 1823 3074 Vulgo
1842 3005 2167 3070 splendeant.
2190 3001 2250 3054 S.

122 3074 296 3130 inducit
317 3091 589 3134 contracta
612 3099 828 3148 σφισι-α
847 3083 1124 3133 sentientes
1293 3102 1335 3134 1.
1364 3083 1485 3134 Non
1506 3093 1583 3135 est
1598 3094 1843 3135 vestrum.
1858 3084 1969 3134 Usu
1984 3080 2249 3134 videlicet.
2234 3100 2247 3114 ·

119 3158 254 3216 factis
296 3162 352 3212 in
396 3164 574 3214 altum
620 3160 890 3225 molibus;
948 3171 994 3211 et
1031 3159 1126 3212 -sie
1223 3178 1467 3229 quorsum
1493 3173 1688 3225 autem,
1713 3159 1823 3212 sine
1844 3159 1979 3212 usu?
2004 3157 2074 3210 Le·
2052 3179 2151 3227 e.ps

121 3231 404 3303 piscinarum
426 3237 800 3291 maritimarum
823 3237 1128 3310 amplitudi-
1293 3257 1340 3289 2.
1354 3237 1484 3290 Nisa·
1492 3238 1819 3307 exsasts'de‘o.
1830 3237 1987 3308 Quoe
1972 3257 2077 3310 lam
2089 3237 2247 3352 edisse

119 3329 226 3364 uem
249 3316 481 3386 preclare
511 3315 674 3369 oeulis
699 3313 903 3385 subjicit
931 3334 944 3369 τ
971 3315 1128 3368 deni·
1229 3335 1334 3368 nou
1358 3315 1495 3368 libet.
1516 3314 1666 3385 Lips.

893 3687 1467 3721 ψ
