2667 4475
341 312 496 403 ·598
1081 306 1389 394 ‚IUSTl
1436 294 1767 376 mrsu

359 449 595 511 Terram
616 492 634 525 ,
671 470 795 531 quae
825 450 996 509 sicca.
1026 475 1054 503 u
1087 448 1420 511 Plutarchus
1466 447 1573 509 hoc
1600 451 1790 531 ipsum
1820 448 1937 533 (de
1966 452 2161 533 primo
2188 448 2493 535 Frigido)
2513 476 2533 511 ι

363 584 394 613 κ
424 556 597 619 Stoici
643 557 894 639 primum
931 555 1204 639 frigidum
1250 556 1387 618 Acri
1414 558 1705 641 assignant
1726 600 1745 633 ,
1796 556 2185 639 Empedocles
2230 570 2300 619 et
2340 559 2536 621 Strato

358 666 536 744 Aquae
559 686 578 721 e
609 688 640 717 υ
669 664 756 723 uti
787 674 846 723 et
868 661 1365 745 Stagintes.1nde
1390 676 1588 723 noster
1610 662 1839 747 (Epist.
1872 661 2062 746 xxxi)
2088 688 2109 723 ε
2142 692 2174 719 ιι
2196 664 2375 725 Nihil
2408 667 2535 727 sine

359 770 504 852 Igne
543 768 825 843 calidum,
867 768 1010 832 nihil
1037 770 1161 829 sine
1199 768 1348 848 dere
1375 769 1649 852 frigidum
1688 794 1706 829 ι
1742 796 1771 824 ιο
1800 771 1961 852 quasi
1990 782 2051 829 et
2076 792 2269 830 causa
2304 794 2376 831 ac
2404 771 2529 831 sous

357 877 433 937 sit
469 875 717 960 frigoris.
766 874 930 936 Idem
971 898 1106 959 ergo
1147 876 1363 937 Seneca
1404 898 1535 937 cum
1565 878 1877 937 attentione
1908 877 2199 959 legendus
2240 878 2393 937 alibi
2428 876 2527 960 (de

357 983 457 1043 Ira
483 982 546 1042 11
563 1025 580 1057 ,
610 1005 664 1042 c.
701 979 810 1065 18)
836 1006 855 1041 ε
887 1008 916 1036 «ι
940 982 1130 1056 Quum
1151 994 1398 1063 quatuor
1424 981 1703 1043 elementa
1744 983 1889 1056 sint,
1915 981 2074 1065 Ignis
2092 1026 2111 1057 ,
2143 982 2363 1065 Aqua,
2390 986 2519 1056 Aer,

355 1088 569 1162 Terra3
601 1100 903 1171 potestates
923 1108 1088 1171 pares
1106 1088 1196 1147 his
1215 1101 1379 1164 sunt,
1408 1088 1613 1171 frigida
1631 1132 1649 1163 ,
1672 1088 1891 1149 fervida
1907 1131 1926 1164 ,
1956 1087 2122 1148 arida
2143 1130 2163 1162 ,
2188 1086 2467 1150 humida.
2494 1116 2519 1141 ι

357 1195 428 1254 In
458 1196 829 1275 potestatibus
868 1215 986 1255 non
1025 1207 1214 1256 servat
1246 1195 1509 1257 ordinem
1536 1218 1555 1255 ι
1585 1207 1643 1256 et
1661 1194 1957 1273 Frigidam
1984 1196 2237 1255 omnino
2268 1197 2351 1257 ad
2380 1199 2521 1256 Aera

355 1298 602 1375 referes,
635 1322 708 1361 ex
733 1300 876 1361 Stoae
908 1301 1142 1383 quidem
1169 1300 1432 1361 decretis.
1464 1300 1639 1382 Apud
1662 1300 1994 1361 Ciceronem
2019 1302 2099 1360 ita
2126 1302 2370 1363 Stoicus
2394 1301 2523 1362 Bal-

358 1408 467 1469 bus
495 1406 598 1492 (Π
628 1410 717 1469 De
745 1406 911 1491 Nat.)
943 1430 960 1468 ι
995 1436 1024 1463 «ι
1051 1409 1185 1491 Ipse
1229 1386 1371 1469 vero
1410 1432 1530 1485 aer,
1558 1410 1659 1491 qui
1694 1420 1896 1469 natura
1926 1420 2013 1469 est
2046 1411 2322 1470 maxime
2352 1410 2521 1493 frigi-

308 1554 317 1563 ·
359 1516 468 1576 dus
488 1558 506 1589 ,
557 1516 802 1575 minime
842 1526 929 1575 est
971 1536 1176 1597 expers
1220 1516 1443 1575 caloris·
1480 1542 1509 1569 a
1549 1515 1765 1576 Caloris
1804 1536 2013 1596 nempe
2058 1514 2379 1575 adventitii
2405 1559 2424 1590 ,
2464 1529 2523 1575 ut

360 1620 573 1681 subdit.
611 1620 757 1695 Sed,
784 1618 1058 1701 frigidus,
1092 1620 1251 1702 dixi,
1288 1623 1376 1684 uti
1409 1642 1608 1698 omnes
1643 1621 1764 1682 fere
1795 1621 1927 1680 libri
1952 1644 1969 1679 ι
1998 1618 2280 1681 Lambini
2316 1644 2521 1705 magna

357 1728 675 1801 tunorium,
713 1709 812 1807 qu'i
828 1770 847 1800 ,
881 1709 1170 1798 humidus,
1203 1726 1386 1787 edidit
1411 1728 1694 1809 imperite.
1735 1726 1857 1787 Etsi
1888 1726 2137 1786 fatemur
2152 1727 2515 1798 Humidum,

359 1831 464 1891 sed
510 1852 629 1891 non
676 1832 862 1913 primo
903 1832 1109 1892 nostris
1153 1854 1297 1893 esse.
1341 1833 1475 1893 Fuit
1506 1846 1715 1893 tamen
1739 1854 1925 1914 nuper
1965 1834 2054 1893 vir
2088 1832 2511 1917 philosophus,

359 1937 461 2019 qui
493 1948 560 1997 ut
586 1937 816 2017 copulas
849 1936 976 1996 illas
1007 1938 1322 1999 Aristotelis
1342 1961 1460 1997 non
1480 1940 1750 2014 violaret,
1783 1938 2077 2021 Frigidum
2108 1940 2401 2021 quidem,
2424 1940 2515 1999 sed

360 2056 554 2104 tamen
589 2042 814 2103 Siccum
846 2066 1125 2125 pronunci
1107 2046 1294 2105 itaret
1319 2058 1493 2147 atque
1527 2046 1604 2106 im
1643 2046 1893 2124 siccitate
1930 2067 2063 2104 cum
2094 2046 2277 2127 igne,
2312 2046 2515 2129 frigore

363 2174 495 2211 cum
528 2174 675 2233 aqua
706 2152 964 2211 sociaret.
999 2150 1113 2212 Sed
1148 2151 1209 2212 id
1243 2174 1383 2212 sane
1415 2153 1515 2213 abs
1544 2174 1609 2213 re
1637 2152 1911 2213 videtur.
1944 2164 2003 2211 et
2021 2152 2209 2211 tribus
2254 2154 2343 2212 ita
2378 2152 2517 2212 Ele-

363 2259 572 2320 mentis
605 2258 926 2318 Siccitatem
957 2259 1128 2319 Stoici
1151 2259 1403 2334 donent,
1444 2259 1572 2342 Igni
1594 2303 1611 2334 ‚
1646 2258 1781 2319 Aeri
1801 2303 1818 2333 ,
1836 2257 2046 2318 Terrae.
2084 2259 2251 2318 Mala
2278 2263 2509 2320 mixtio:

365 2379 421 2427 et
461 2365 536 2425 ad
581 2365 738 2448 Ignis
781 2367 1182 2426 coercitionem
1225 2388 1290 2426 ac
1334 2367 1669 2448 temperiem
1689 2408 1706 2439 ‚
1754 2364 1958 2425 melius
2000 2385 2068 2424 ac
2102 2367 2514 2447 ,providentius

363 2473 578 2533 Natura
611 2470 941 2556 (jugatione
974 2472 1070 2533 illa
1107 2469 1359 2553 omissa)
1394 2473 1738 2532 contrarium
1777 2469 2141 2531 Elementum
2176 2495 2207 2532 s
2294 2476 2311 2488 “
2396 2475 2509 2542 xit,

365 2580 612 2650 materiae
631 2591 824 2640 tamen
845 2581 1076 2639 raritate
1107 2600 1421 2640 consonum
1455 2590 1513 2639 et
1536 2580 1900 2654 conveniens.
1928 2579 2133 2661 Neque
2160 2580 2330 2641 aliud
2352 2582 2513 2662 §toiri

369 2685 464 2744 hic
495 2697 735 2745 mutant.

988 2861 1620 2927 DISSERTATIO
1681 2863 1867 2927 XVI.

357 3027 564 3124 Aqua,
593 3041 952 3120 etproeczpua
967 3037 1088 3120 ejus
1113 3061 1253 3120 pars
1279 3039 1471 3100 Mare.
1509 3038 1589 3100 Id
1608 3049 1818 3101 terram
1858 3041 2142 3111 σίιτωιιιῒ,
2172 3043 2309 3114 ἰηίέ,
2337 3044 2499 3124 subit,

1024 3146 1296 3206 oz‘nculum
1323 3144 1445 3226 ejus
1478 3155 1536 3206 et
1564 3147 1836 3225 zrn‘gatz'o.

445 3323 610 3398 Aous
637 3325 914 3407 sequitur,
939 3323 1128 3384 Terrae
1149 3323 1395 3386 mixtum
1414 3324 1760 3384 elementum
1784 3349 1813 3398 ‚·
1830 3337 1888 3384 et
1910 3347 2043 3386 cum
2080 3345 2151 3385 ea
2185 3325 2331 3387 facit
2350 3349 2505 3388 mum

367 3430 621 3513 globum.
659 3428 784 3490 Etsi
817 3429 1050 3511 quidam
1075 3429 1341 3490 dividunt
1359 3473 1377 3503 ,
1412 3441 1471 3489 et
1485 3429 1688 3489 volunt
1708 3429 1870 3490 Mare
1889 3432 2120 3512 proprie
2144 3429 2503 3494 Elemmtmn

284 3579 288 3583 -
369 3557 494 3596 esse
517 3579 536 3609 ‚
581 3547 638 3596 et
677 3557 712 3594 a
749 3547 900 3596 terra
941 3537 1279 3615 sejunctum.
1326 3534 1489 3594 Philo
1528 3535 1637 3596 hoc
1682 3548 1879 3617 aperte
1899 3579 1916 3611 ,
1955 3536 2029 3596 ad
2076 3539 2259 3598 verba
2296 3540 2503 3620 Moysis

371 3641 487 3725 (de
517 3640 742 3722 opific..
763 3637 1014 3724 Mundi)
1040 3665 1056 3699 ι
1091 3667 1118 3694 κ
1140 3641 1292 3700 Fons
1327 3640 1672 3702 ascendebat
1702 3662 1737 3700 e
1769 3652 1925 3702 terra
1943 3685 1961 3716 ,
2003 3654 2061 3702 et
2084 3642 2367 3725 irn‘gnhat
2386 3665 2503 3704 om-

365 3771 504 3810 nem
555 3749 914 3831 superficiem
955 3750 1098 3828 ejus.
1147 3749 1295 3808 Nam
1350 3750 1445 3809 alii
1496 3747 1819 3832 philosophi
1841 3792 1858 3825 ‚
1916 3750 2105 3830 inquit
2122 3793 2139 3823 ,
2184 3753 2501 3812 universam

367 3859 593 3939 Aquam
630 3853 992 3916 Elementum
1027 3858 1377 3916 constituunt
1420 3879 1599 3916 unum
1646 3878 1681 3916 e
1710 3867 1973 3938 quatuor,
2014 3857 2225 3939 quibus
2258 3858 2498 3919 mundus

369 3965 744 4047 componitur.
783 3963 859 4023 At
899 3962 1131 4044 Moyses
1167 3965 1479 4023 acrioribus
1512 3964 1691 4023 oculis
1732 3965 1903 4024 etiam
1936 3963 2131 4024 dissita
2170 3977 2229 4024 et
2266 3963 2497 4024 obscura

371 4068 670 4148 pervidere
685 4070 900 4142 solitus,
925 4067 1290 4130 Elementum
1309 4081 1507 4130 censet
1522 4091 1926 4154 essemagnum
1944 4071 2107 4131 Mare
2124 4083 2389 4152 quartam
2404 4093 2499 4132 re-
