2667 4475
471 340 602 405 520
999 304 1006 311 ’
1202 332 1865 402 JUsTleIPsH

786 472 934 541 Quod
951 474 1070 526 caelo
1087 474 1326 541 gaudente
1347 476 1481 525 venit
1502 493 1517 524 t
1536 492 1796 544 rursusque
1816 484 2049 528 nocentes

785 565 1045 617 Oderimus
1057 566 1214 633 magis
1229 565 1282 615 in
1295 582 1496 634 poenam
1510 566 1803 635 culpamque
1822 574 2028 619 creatos.

459 690 604 750 Satis
652 686 874 769 aperire
914 687 1055 746 mihi
1095 684 1411 746 Stoicorum
1454 698 1705 745 mentem
1744 708 2050 769 germanus
2094 686 2317 747 Stoicus
2340 688 2533 751 videtur,
2565 694 2566 737 1

461 796 566 856 etsi
607 795 777 854 nimis
806 794 1042 853 sortasse
1069 792 1144 853 ad
1187 792 1378 852 fatalia
1424 814 1525 852 sua
1565 806 1713 851 astra
1742 812 1846 853 nos
1874 794 2032 876 ligat.
2074 794 2381 869 Sed-hem,
2407 794 2533 873 Chr5·
2565 834 2566 837 η

363 945 374 965 =
461 906 626 986 sippe
642 945 659 978 ,
685 905 732 961 si
763 926 798 961 a
835 903 1047 963 Natura
1087 902 1203 962 hoec
1251 903 1575 962 constitutio
1594 910 1716 963 ‘aut
1755 902 2090 986 devergium
2120 927 2139 963 ε
2168 904 2353 964 Deum
2387 925 2417 961 a
2442 902 2533 961 malo

463 1012 565 1093 qui
588 1009 859 1070 excusas?
881 1009 1168 1091 quomodo
1194 1031 1308 1069 non
1335 1009 1433 1068 ille
1462 1006 1709 1069 Natat-az
1741 1022 1956 1085 auctor,
1996 1022 2178 1093 atq-ue
2209 1012 2329 1095 ipsa
2360 1010 2531 1073 Natura,

463 1118 680 1177 malum
729 1117 1022 1199 malosque
1066 1117 1300 1198 genuit,
1352 1116 1400 1175 si
1446 1116 1586 1176 tales
1628 1115 1807 1177 fecit?
1836 1116 1965 1177 Hoc
2012 1130 2196 1201 eaput
2239 1130 2350 1189 est,
2380 1129 2427 1175 et
2448 1135 2535 1173 arx.

465 1236 531 1283 ut
569 1224 651 1283 sic
701 1222 887 1283 dicam
911 1266 928 1297 ,
979 1228 1160 1282 causae
1183 1266 1201 1296 ,
1255 1244 1409 1281 nunc
1463 1221 1725 1283 adeunda
1769 1236 1826 1282 et
1850 1224 2214 1305 occupanda.
2261 1223 2361 1283 Aio
2394 1222 2535 1281 Stn'oeoe

466 1328 609 1389 Mali
645 1330 994 1411 principium
1033 1350 1152 1388 nen
1197 1329 1258 1387 in
1306 1328 1431 1387 Deo
1453 1372 1469 1401 ,
1508 1327 1611 1388 sed
1642 1330 1702 1388 in
1728 1328 1972 1388 Materia
2000 1328 2178 1411 (quac
2210 1344 2390 1390 tamen
2432 1327 2535 1385 neo.

468 1448 534 1495 ut
561 1436 672 1517 ipsi
705 1436 916 1519 aIiiquc
949 1436 1250 1496 voluerunt
1268 1478 1285 1508 ,
1320 1456 1437 1496 aevo
1468 1436 1697 1517 aequalis
1715 1480 1731 1510 ,
1756 1449 1814 1495 et
1838 1434 2107 1518 aeterna),
2134 1438 2199 1497 in
2220 1433 2537 1505 Materian-

468 1562 640 1622 quam
659 1585 677 1615 ‚
715 1541 1090 1601 constituisse.
1134 1539 1335 1621 Itaque
1384 1563 1563 1623 quum
1615 1542 1774 1600 Deus
1810 1540 2073 1607 homines
2114 1543 2339 1623 aliaque
2366 1539 2535 1599 sacari-

467 1648 673 1707 omnia'
692 1648 842 1707 bona
875 1659 934 1706 et
961 1648 1024 1705 in
1060 1647 1278 1706 bonum
1313 1646 1544 1707 finxisse
1576 1670 1593 1705 ε
1625 1645 1729 1705 sed
1756 1660 2181 1729 repugnantem
2216 1647 2436 1727 aliquam
2466 1642 2537 1697 Vim

469 1764 528 1811 et
565 1752 904 1812 malitiosam
940 1744 1001 1812 in
1039 1752 1135 1811 illa
1162 1751 1339 1812 fuisse
1359 1796 1375 1825 ,
1417 1766 1588 1835 atque
1616 1774 1738 1815 esse
1760 1797 1777 1828 ‚
1814 1775 1939 1835 quae
1976 1752 2091 1813 alio
2134 1752 2539 1829 nabes-etnam

469 1857 606 1917 hinc
644 1856 879 1919 Inter-na
897 1906 912 1929 ‚
965 1871 1135 1942 atq-ue
1165 1860 1334 1919 etiam
1374 1858 1635 1921 Externa
1652 1908 1665 1929 ‚
1698 1859 1847 1918 mala
1880 1860 2189 1920 exstitisse.
2238 1856 2405 1919 Valde
2431 1863 2539 1911 noh-

467 1964 585 2023 bile
604 2007 621 2037 ,
667 1977 722 2022 et
762 1978 926 2024 vetus
965 1964 1170 2046 dog-ma
1199 2010 1216 2039 ,
1244 1968 1395 2025 inter
1421 1966 1709 2048 religionis
1742 1968 1913 2025 etiam
1942 1980 2155 2026 nostrae
2204 1980 2437 2049 proceres
2471 1954 2535 2014 ἆθ-

468 2083 766 2131 certatum.
797 2072 888 2131 Dc
938 2072 1137 2133 Stoicis
1160 2090 1200 2147 ,·
1235 2071 1451 2133 Seneca
1502 2084 1697 2153 aperte
1744 2071 1953 2133 dixerit
1979 2071 2053 2153 (1
2098 2072 2311 2148 Quaest.
2356 2061 2534 2126 Hamil·

472 2178 532 2237 in
565 2175 775 2260 Praef.)
821 2202 837 2237 ε
890 2178 1150 2238 «Utrum
1186 2176 1347 2239 Deus
1394 2177 1550 2260 quod
1592 2178 1717 2238 vult
1758 2177 1999 2251 efficiat,
2050 2200 2129 2238 an
2178 2180 2241 2238 in
2294 2172 2451 2234 multis
2480 2187 2535 2225 ff·

469 2285 578 2344 hus
639 2285 800 2344 illum
861 2283 1154 2344 tractanda
1204 2284 1515 2343 destituant
1560 2307 1576 2343 =
1625 2297 1682 2343 et
1730 2307 1762 2344 a
1804 2305 2013 2366 magno
2052 2284 2274 2343 artifice
2309 2280 2537 2341 {emtum

471 2401 648 2472 prava
675 2392 884 2465 multa,
917 2414 1034 2451 non
1065 2392 1200 2472 quia
1249 2403 1431 2450 cessat
1474 2412 1565 2449 ars
1588 2434 1606 2464 ‚
1639 2389 1742 2450 sed
1778 2393 1914 2470 quia
1962 2389 2026 2449 id
2057 2391 2120 2448 i‘n
2167 2409 2283 2470 quo
2322 2389 2535 2446 exercet&

383 2535 396 2542 ·
470 2495 790 2580 (Materia)
821 2499 1204 2580 inobsequens
1237 2498 1345 2556 arti
1375 2509 1478 2557 est.
1514 2523 1541 2550 η
1576 2497 1721 2556 Nota
1744 2541 1762 2571 ,
1797 2495 2098 2556 Materiam
2138 2495 2533 2576 inobsequdm

475 2617 532 2662 ct
552 2604 624 2663 ab
645 2624 712 2662 ea
739 2603 929 2663 Pmoa
952 2625 1095 2664 esse.
1130 2602 1288 2662 Pl'ato
1307 2625 1453 2684 saepe
1476 2601 1595 2662 haec
1622 2603 1807 2685 tangit
1822 2645 1837 2676 ,
1872 2615 1929 2661 et
1950 2601 2063 2661 huc
2090 2602 2297 2661 transit
2314 2624 2331 2657 ι
2352 2609 2405 2655 ut
2420 2609 2534 2674 qum

477 2707 625 2767 dixit
653 2707 953 2768 Materiam
975 2752 992 2782 ,
1036 2721 1134 2768 aut
1167 2709 1227 2767 in
1261 2730 1330 2767 ea
1382 2709 1645 2768 Animam
1663 2752 1680 2781 ‚
1719 2735 1747 2761 α
1780 2709 2217 2788 incompositam
2244 2717 2301 2766 et
2334 2699 2439 2763 mali
2466 2715 2535 2753 δῦ·

474 2827 688 2874 ctorem
711 2857 728 2887 ,
763 2815 883 2874 sive
925 2815 1259 2874 maleficam.
1294 2841 1322 2866 ›-
1379 2813 1709 2895 Iterumque
1745 2837 1762 2871 ε
1800 2839 1829 2867 «ι
1856 2813 2239 2874 adversariam
2270 2825 2323 2872 et
2346 2803 2533 2869 rebellem

473 2919 747 2982 Beneficae
769 2921 994 2981 Naturae
1021 2947 1049 2974 n»
1072 2964 1089 2994 ‚
1112 2920 1175 2978 id
1195 2933 1281 2979 est
1298 2964 1314 2992 ‚
1347 2918 1494 2980 Deo.
1523 2917 1789 2978 Animam
1807 2921 1927 2980 sive
1945 2920 2081 2979 Vim
2102 2921 2163 2978 in
2183 2917 2403 2979 Mam-ia
2414 2909 2507 2972 dicit
2518 2927 2529 2960 ··

473 3050 663 3110 neque
697 3029 849 3088 enim
887 3029 1070 3107 ipsam
1100 3048 1202 3107 per
1244 3046 1305 3084 se
1347 3025 1470 3085 vult
1510 3025 1718 3084 malam
1743 3069 1760 3098 ,
1794 3025 1897 3084 sed
1938 3027 2119 3085 latens
2162 3028 2227 3085 in
2254 3047 2317 3084 ea
2352 3012 2529 3098 aliquid,

474 3134 629 3216 quod
660 3137 722 3194 in
748 3135 1110 3217 generatione
1139 3154 1200 3193 se
1233 3133 1448 3192 exserit
1475 3144 1534 3192 et
1563 3133 1789 3213 promit.
1830 3131 2017 3192 Immo
2040 3133 2181 3194 duas
2214 3159 2242 3186 α
2270 3125 2440 3190 Mundi
2460 3119 2531 3178 ani·

471 3263 594 3302 mas
624 3243 696 3301 ab
725 3264 792 3302 eo
826 3243 993 3302 statui
1015 3285 1032 3314 ‚
1067 3253 1208 3300 natu
1245 3241 1363 3319 jam
1408 3239 1711 3321 grandiore
1731 3283 1748 3312 ,
1782 3240 1844 3297 in
1888 3237 2078 3299 Libris
2118 3239 2192 3299 de
2224 3236 2468 3319 Legibus
2498 3233 2530 3280 ‘¹

475 3371 653 3430 quum
673 3348 773 3408 diu
791 3347 1115 3408 fluctuasset
1132 3391 1148 3422 ,
1173 3346 1495 3408 Beneficam
1516 3369 1582 3405 ac
1604 3345 1924 3405 Maleficam
1944 3371 1973 3398 n
1999 3370 2015 3418 ;
2040 3344 2359 3407 Plutarchus
2382 3349 2447 3398 est
2464 3353 2527 3390 *θ’

475 3467 614 3513 ctor.
665 3451 792 3534 (De
816 3454 971 3514 Iside
993 3467 1049 3514 et
1069 3451 1264 3534 Osir.)
1290 3453 1419 3511 Non
1457 3451 1575 3511 abit
1600 3453 1671 3510 ab
1690 3450 1799 3510 hoc
1829 3473 2002 3512 sensu
2028 3455 2197 3512 etiam
2218 3443 2526 3525 Τι’ἰετιιεῑςὶῦῗῑ15

477 3559 644 3642 (cap.
699 3557 814 3640 14)
847 3585 862 3618 =
897 3586 926 3613 «
955 3559 1072 3640 Ipsi
1115 3557 1311 3618 factori
1335 3559 1463 3616 Deo
1494 3558 1714 3622 nullum
1747 3555 1960 3617 mallim
1989 3572 2086 3618 aut
2116 3571 2277 3640 turpe
2316 3565 2527 3632 ass²g¹¹²³⁶

479 3668 654 3738 dum3
685 3688 818 3726 nam
861 3665 948 3724 hae
994 3678 1125 3725 sunt
1165 3665 1490 3725 affectiones
1534 3667 1913 3748 generationis
1954 3667 2206 3740 asseclae,
2246 3666 2377 3726 sicut
2406 3667 2527 3730 ame-'⁰

477 3776 602 3833 aeris
620 3819 638 3848 ,
670 3772 864 3834 sordes
901 3775 1170 3854 corporis.
1210 3799 1238 3826 n
1273 3771 1437 3832 Paria
1463 3772 1671 3852 Tyrius
1702 3774 1873 3832 etiam
1896 3773 2183 3834 Maximus
2203 3818 2221 3848 ,
2250 3773 2380 3831 inter
2398 3761 2524 3820 Phi&

479 3883 632 3940 nicos
663 3924 680 3955 ,
734 3879 1004 3940 Sermone
1059 3879 1192 3938 huic
1241 3891 1596 3962 argumento.
1654 3879 1847 3940 Verba
1894 3879 2011 3940 haec
2060 3903 2235 3963 pauca
2285 3879 2387 3956 ejus
2427 3863 2523 3926 Η*

479 3985 698 4064 (Serm.
741 3983 952 4067 XXV)
991 4011 1008 4045 ε
1054 4013 1082 4038 1«
1109 3985 1266 4051 Sicut
1295 3987 1355 4044 in
1388 3986 1613 4066 'opificio
1643 3989 1995 4048 manualium
2024 3991 2257 4060 artium,
2286 3977 2415 4044 aliud
2444 3974 2519 4051 51⁸¹

483 4113 573 4150 ars
595 4115 668 4154 ex
689 4093 938 4174 professo
961 4093 1131 4166 facit,
1156 4092 1457 4153 intendens
1482 4096 1670 4175 operis
1694 4097 1779 4156 sui
1816 4097 1985 4156 finem
2014 4120 2030 4166 ;
2056 4095 2163 4156 alia
2192 4089 2520 4168 consequunffl‘
