2667 4475
381 310 514 402 ⁵78
1111 301 1421 371 JUSTI
1466 290 1812 371 mrsu·

376 428 526 508 Apta
553 424 768 483 scilicet
795 444 862 482 ea
889 420 1072 481 forma
1101 420 1175 481 ad
1203 420 1647 503 perpetuitatem
1670 430 1860 481 motus
1892 445 1911 480 ε
1943 420 2215 504 denique
2244 420 2441 485 Divis
2456 447 2585 504 pat.

373 545 438 592 ut
459 532 538 590 ait
551 573 568 605 ‚
592 530 684 589 vel
706 528 842 609 quia
861 528 1026 587 Astra
1047 527 1128 587 sic
1151 537 1482 609 spectantur
1500 548 1516 598 ;
1536 526 1633 586 vel
1652 526 1789 609 quia
1812 528 2108 610 principio
2129 530 2361 613 etvfine
2388 545 2555 591 (Ἀπί
2568 578 2583 595 .

373 617 440 701 ut
469 640 592 721 ipse
621 636 801 696 Deus,
839 634 1094 695 Observa
1124 646 1315 695 autem
1344 632 1439 693 hic
1474 632 1678 694 Totum
1695 680 1711 705 ‚
1744 636 1805 695 τὸ
1835 638 1951 697 ὅλον
1969 681 1989 708 .,
2018 635 2229 697 Stoico
2254 660 2579 709 sermone,

372 760 436 807 ut
481 744 740 827 praedixi.
796 744 868 802 In
912 742 1146 803 Platone
1183 742 1330 803 ratio
1360 762 1591 823 quoque
1631 741 1743 801 alia
1788 739 1886 824 (in
1916 742 2169 827 Timaeo)
2202 769 2227 803 ε
2272 746 2517 821 -Quod
2552 770 2579 803 a

373 874 490 935 quo
520 851 810 911 animante
839 845 1111 932 (Mundo)
1141 869 1340 936 ornnes
1377 848 1629 930 reliquos
1662 850 1942 909 contineri
1972 850 2156 910 vellet
2188 854 2575 913 animantes

377 960 530 1019 hunc
563 980 630 1018 ea
657 956 838 1017 forma
865 956 1132 1039 figuravit
1149 999 1167 1029 ‚
1197 956 1312 1037 q'ua
1332 976 1452 1016 una
1474 976 1675 1015 omnes
1698 956 1931 1038 reliquae
1952 954 2157 1017 formae
2183 960 2575 1020 concludun-

386 1078 501 1127 tur.
531 1091 560 1118 n
603 1060 707 1123 Est
751 1064 906 1123 enim
935 1062 1305 1144 capacissima
1323 1105 1343 1137 ,
1378 1074 1464 1122 est
1491 1060 1904 1144 perfectissima
1936 1083 2005 1123 ea
2030 1060 2255 1125 forma.
2300 1064 2393 1125 Et
2426 1094 2461 1121 «ι
2486 1067 2571 1125 id·-

377 1174 530 1231 circo
555 1169 661 1253 (ait
686 1170 978 1251 explicans
1029 1167 1334 1251 Apuleius)
1363 1166 1777 1251 perfectissimo
1806 1179 1865 1228 et
1901 1168 2321 1249 pulcherrimo
2348 1172 2567 1231 Mundo

375 1280 578 1339 instar¹
613 1277 863 1359 pulchrae
887 1288 944 1336 et
967 1275 1232 1357 perfectoe
1262 1275 1495 1357 sphaerae
1516 1298 1551 1334 a
1571 1273 1907 1335 fabricatore
1935 1276 2061 1334 Deo
2088 1278 2427 1356 qumitum
2456 1292 2561 1348 cst,

374 1398 439 1445 ut
470 1387 545 1445 sit
574 1384 718 1445 nihil
748 1384 1015 1467 indigens
1057 1406 1074 1442 =
1115 1382 1220 1442 sed
1251 1383 1517 1465 operiens
1560 1382 1753 1442 omnia
1782 1402 2176 1463 coercensque
2215 1388 2563 1450 contincat;

257 1496 278 1517 ’
377 1491 618 1573 pulcher
647 1503 708 1550 et
735 1489 1086 1551 admirabilis
1102 1532 1120 1562 ‚
1151 1489 1359 1570 suique
1384 1488 1585 1547 similis
1603 1531 1621 1561 ‚
1657 1489 1883 1569 sibique
1912 1488 2315 1567 respondens.
2342 1518 2375 1542 ι-
2408 1490 2563 1565 Quod

379 1600 569 1681 ipsum
609 1598 671 1658 in
707 1598 895 1679 capite
925 1596 1176 1655 humano
1208 1594 1538 1655 Lactantius
1570 1594 1894 1654 considerat
1922 1617 1940 1651 z
1977 1620 2007 1647 «e
2035 1594 2203 1674 quod
2226 1595 2411 1656 Deus
2431 1642 2450 1672 ,
2482 1600 2563 1655 in—

376 1706 504 1787 quit
535 1702 636 1786 (de
665 1702 871 1786 opific.
915 1701 1064 1775 Dei,
1103 1724 1232 1785 cap.
1260 1698 1374 1784 8),
1401 1701 1526 1761 orbi
1558 1712 1617 1761 et
1649 1700 1817 1783 globo
1850 1699 2039 1762 simile
2067 1697 2399 1777 formavit,
2436 1704 2559 1784 quia

379 1812 532 1871 orbis
561 1808 878 1870 rotunditas
909 1806 1174 1890 perfectae
1205 1808 1442 1867 rationis
1474 1820 1559 1867 est
1592 1829 1659 1866 ac
1689 1807 1905 1889 figurae.
1940 1804 2029 1865 Eo
2060 1807 2249 1889 igitur
2294 1810 2475 1869 Mens
2510 1822 2557 1867 et

376 1917 526 1999 ignis
554 1915 650 1975 ille
673 1915 900 1975 divinus
915 1954 934 1989 ,
958 1927 1232 1995 tanquam
1253 1916 1390 1975 caelo
1404 1958 1421 1989 ‚
1444 1916 1674 1997 tegitur.
1705 1940 1735 1967 ι»
1757 1914 1848 1973 Ab
1872 1913 1981 1973 bae
2008 1917 2317 1977 sententia
2340 1918 2557 1977 Home-

380 2045 508 2093 rum
562 2020 736 2082 fuisse
779 2032 1250 2104 argumentantur
1299 2019 1457 2104 quod
1494 2026 1749 2105 ἀπείρονα
1798 2033 1953 2103 γαῖαν
1974 2066 1992 2098 ,
2026 2018 2331 2104 &finitum
2356 2036 2557 2087 terrm

383 2132 598 2193 dixerit
629 2154 646 2189 ε
678 2152 794 2191 non
825 2129 1256 2214 magnitudine,
1292 2130 1399 2191 sed
1434 2130 1646 2213 figura,
1684 2152 1809 2212 quae
1846 2130 1979 2191 finis
2006 2142 2097 2191 est
2121 2153 2374 2215 expers.

1077 2341 1692 2408 DISSERTATIO
1752 2345 1831 2408 X.

389 2491 634 2554 Animal
655 2507 783 2552 eum
811 2512 929 2552 esse
947 2538 960 2561 ,
1003 2513 1166 2552 sensu
1208 2501 1266 2551 et
1304 2489 1555 2552 Ratione
1578 2492 1904 2573 praeditum.
1938 2491 2141 2554 Partes
2176 2493 2311 2574 ᾔεις
2340 2497 2541 2556 mm.

1013 2597 1213 2678 Ipsam
1242 2599 1499 2658 animam
1517 2645 1533 2670 ,
1572 2597 1755 2659 Deum
1784 2621 1925 2660 esse.

479 2777 566 2840 Er
608 2779 896 2842 Mundum
942 2782 1180 2864 quidem
1227 2783 1400 2844 talem
1442 2805 1511 2843 ae
1558 2796 1779 2844 tantum
1819 2783 1979 2844 viden
2002 2827 2021 2857 ,
2063 2782 2167 2844 sed
2210 2787 2277 2846 in
2328 2801 2541 2848 externa

389 2887 581 2948 adhuc
611 2886 758 2948 facie
801 2912 838 2983 =¹
859 2911 1016 2949 nunc
1046 2890 1225 2950 animi
1256 2909 1457 2950 sensus
1488 2889 1563 2951 ad
1589 2891 1891 2964 interiora,
1924 2890 1987 2952 id
2018 2902 2138 2965 est,
2176 2893 2259 2952 ad
2286 2893 2541 2955 Animum

401 2999 524 3077 ejus
557 2998 738 3058 mitte.
783 2996 874 3058 Ita
915 2999 1071 3058 enim
1111 3017 1395 3060 consensu
1440 2999 1645 3071 Stoici,
1676 2999 2001 3060 sentientem
2038 3021 2165 3060 eum
2188 3047 2207 3072 ‚
2244 3004 2543 3081 intelligun-

396 3113 532 3176 tem,
555 3106 861 3186 sapientem
883 3129 902 3166 .-
923 3115 982 3166 et
1009 3105 1151 3187 quid
1170 3118 1230 3168 te
1251 3104 1479 3166 moror?
1502 3103 1745 3168 Animal
1760 3107 2039 3168 mliomle
2063 3128 2217 3169 esse.
2248 3109 2406 3172 Au».
2430 3109 2541 3170 Hoc

401 3211 637 3276 dicunt?
666 3215 909 3296 repudio
935 3238 953 3273 ε
2044 3215 2049 3220 ’

727 3351 791 3400 Et
807 3349 980 3418 procul
1001 3366 1032 3399 a
1053 3355 1165 3400 vera
1185 3349 1282 3401 hoe
1309 3351 1389 3401 aio
1412 3351 1599 3402 ratione
1620 3349 1885 3419 repulsum.

401 3476 560 3544 Ltrs.
586 3481 665 3543 Et
687 3505 792 3568 ego
809 3496 998 3545 tecum
1023 3509 1042 3544 ε
1069 3486 1173 3546 sed
1195 3483 1337 3567 quid
1354 3485 1631 3566 judicare,
1649 3485 1983 3567 priusquam
2000 3485 2231 3562 audire,
2256 3487 2531 3570 properas?

404 3585 701 3672 Intellige‚
736 3603 792 3650 et
817 3603 941 3652 tum
967 3611 1158 3652 cense.
1195 3589 1274 3651 Et
1305 3592 1587 3652 sententia
1618 3591 1735 3650 haec
1758 3613 1873 3650 non
1902 3590 2134 3651 illorum
2162 3594 2444 3674 primitus,
2468 3615 2527 3652 ne

400 3697 622 3758 nescias
645 3719 661 3768 3
694 3718 727 3756 a
753 3695 981 3757 Socrate
1011 3710 1070 3758 et
1098 3698 1334 3758 Platone
1370 3709 1489 3772 est,
1529 3697 1629 3778 qui
1658 3695 2037 3777 protulerunt.
2075 3695 2194 3758 Iste
2222 3699 2287 3762 in
2307 3699 2519 3768 Timum,

403 3818 469 3864 ut
511 3803 710 3863 Cicero
756 3803 925 3863 vertit
963 3827 980 3862 τ
1033 3830 1061 3858 κ
1085 3803 1446 3885 Quapropter
1476 3825 1590 3861 non
1635 3815 1721 3862 est
1756 3801 2145 3864 cunctandum
2184 3809 2455 3887 profiteri,
2480 3806 2517 3862 si

401 3908 574 3970 modo
602 3910 820 3993 aliquid
846 3911 1172 3994 investigari
1211 3911 1541 3991 conjectura·
1575 3918 1795 3991 potest,
1835 3909 1989 3972 hunc
2010 3911 2299 3973 Mundum
2324 3913 2515 3974 Animal

473 4105 490 4134 ¹
513 4105 572 4153 ld
594 4113 691 4168 oct,
715 4111 891 4178 imago
907 4144 922 4172 ,
933 4106 1132 4176 forma.
