2667 4475
962 288 1044 354 L.
1091 282 1450 353 ANNAEI
1495 282 1932 353 SENECAE

374 416 532 485 dam
564 416 746 485 enim
769 464 792 500 ,
828 430 905 483 ut
938 414 1071 483 scis
1091 462 1111 497 ,
1152 413 1524 483 moralibus
1561 412 1919 482 rationalia
1940 418 1958 449 ¹
1999 414 2304 484 immixta
2337 434 2526 486 sunt.

384 290 515 385 176

374 532 613 623 Imque
652 531 835 599 ilhm
867 544 1130 624 Partem
1168 544 1424 599 rectam
1443 533 1500 613 ²2
1539 542 1611 596 et
1637 526 1729 596 ad
1766 551 1988 599 ¹1¹⁰oess
2025 532 2484 623 pertinentem
2505 583 2528 615 ,
2643 522 2645 549 ²

378 647 663 716 tractavi
688 644 1075 737 :Numquid
1100 642 1380 713 stultum
1407 646 1496 712 eit
1519 666 1602 712 ac
1627 666 2124 737 supervacuum
2142 694 2168 730 ,
2199 646 2384 715 ultra
2413 671 2537 715 ex-

378 778 669 831 tremum
696 762 877 831 diem
918 784 1115 831 curas
1148 762 1608 830 transmittere
1631 762 1663 828 ἱ)
1693 784 1786 827 an
1809 757 2058 829 cadant
2083 759 2265 829 bona
2293 776 2532 831 nostra

380 879 732 948 nobiscum
752 928 772 961 ,
808 878 1125 969 nihilque
1158 879 1249 947 sit
1280 877 1429 969 ejus
1451 926 1470 959 ,
1513 879 1634 969 qui
1670 875 1900 945 nullus
1935 858 2088 945 eet?
2121 900 2210 945 an
2259 900 2342 945 ex
2399 902 2485 945 eo
2505 928 2528 958 ‚

384 994 602 1087 quod,
626 1016 835 1085 quum
866 992 998 1061 erit
1014 1043 1037 1079 ,
1072 993 1336 1060 sensuri
1369 1016 1509 1059 non
1535 1014 1801 1075 sumus,
1823 1008 2188 1085 antequam
2212 984 2374 1075 sit³‚
2403 993 2538 1061 ali-

303 1146 335 1197 5
382 1111 538 1203 quie
576 1109 834 1177 finctus
860 1108 1125 1201 percipi
1151 1156 1171 1190 ‚
1206 1124 1325 1173 aut
1349 1108 1492 1201 peti
1517 1109 1781 1202 possit?
1809 1111 1974 1177 Haec
1999 1109 2224 1177 omnia
2247 1107 2337 1176 ad
2375 1131 2534 1175 mo·

384 1250 495 1293 res
532 1238 876 1319 spectant3
916 1226 1149 1317 itaque
1184 1246 1305 1292 suo
1345 1223 1492 1293 loeo
1519 1226 1738 1317 posita
1769 1241 1951 1292 sunt.
1995 1224 2086 1292 At
2119 1248 2270 1316 quae
2299 1247 2342 1291 a
2371 1223 2532 1292 dia-

382 1342 644 1411 lecticis
696 1355 931 1410 contra
984 1340 1163 1409 hanc
1218 1335 1612 1434 opinionem
1667 1338 1992 1409 dicuntur
2017 1389 2040 1425 ,
2105 1340 2536 1434 segreganda

384 1461 701 1546 fuerunt3
742 1475 811 1526 et
843 1458 997 1527 ideo
1022 1458 1311 1551 seposita
1336 1470 1518 1525 sunt.
1550 1459 1786 1539 Nunc,
1821 1459 1983 1549 quia
2013 1458 2238 1525 omnia
2278 1456 2530 1550 exigis,

384 1578 648 1659 omnia,
700 1598 851 1667 quae
898 1572 1171 1658 dicunt,
1215 1595 1629 1665 pernequam
1671 1569 1922 1641 deinde
1959 1573 2246 1667 singulis
2281 1597 2536 1641 occur-

280 1744 287 1754 .
384 1716 553 1761 ram.

482 1808 631 1875 Nisi
665 1802 929 1897 aliquid
962 1800 1340 1898 praedixero
1365 1854 1384 1885 ,
1440 1806 1732 1901 intelligi
1777 1830 1916 1875 non
1965 1821 2322 1899 poterunt,
2373 1830 2534 1897 quae

304 1952 340 2006 6
387 1920 805 1990 refellentur.
848 1916 1043 2012 Quid
1078 1933 1216 2001 eat,
1266 1919 1452 2009 quod
1495 1920 1872 2013 praedicere
1908 1920 2162 1988 velim?
2183 1920 2532 2011 Quaedam

384 2040 708 2107 continua
737 2060 883 2106 esse
912 2028 1269 2130 corpora⁴,
1300 2052 1380 2105 ut
1403 2034 1784 2125 hominem3
1819 2016 2124 2130 quaedam
2161 2052 2310 2107 ease
2339 2063 2528 2107 com-

383 2153 645 2247 posita,
686 2166 765 2219 ut
796 2174 1039 2219 navem
1064 2199 1083 2232 ,
1123 2150 1396 2218 domum
1417 2196 1436 2235 ,
1481 2154 1709 2221 omnia
1743 2152 2044 2246 denique
2087 2175 2382 2244 quorum
2415 2152 2528 2221 di·
2571 2243 2588 2253 ο

384 2294 597 2340 versae
624 2285 851 2366 partes
874 2267 1199 2363 junctura
1234 2268 1309 2336 in
1342 2292 1554 2366 unum
1583 2285 1827 2338 coactoe
1863 2286 2062 2357 sunt3
2103 2268 2408 2363 quaedam
2441 2295 2528 2340 cx

454 2509 497 2541 ι.
514 2484 847 2540 Rationale'a.
870 2484 1059 2559 Logica
1074 2523 1090 2551 ‚
1122 2483 1402 2538 dialectica.

452 2585 497 2617 a.
516 2561 735 2618 Rectam
757 2604 772 2630 ‚
798 2574 849 2618 et
869 2585 896 2616 e
917 2563 1065 2617 codd.
1089 2562 1187 2636 pal.
1211 2575 1258 2614 et
1281 2562 1402 2614 edit.

384 2639 541 2695 veteri
564 2639 745 2712 recepi.
766 2643 961 2692 Antea:
982 2651 1117 2693 recta
1134 2642 1214 2693 ad
1246 2659 1304 2692 ex
1320 2640 1403 2692 in-

386 2719 541 2792 genio
566 2717 770 2790 Mureti.
791 2717 973 2770 Ruhk.

451 2800 499 2850 3.
519 2799 610 2851 An
642 2815 717 2850 eu·
740 2815 797 2848 eo
816 2833 831 2858 ,
871 2797 1044 2865 quod,
1080 2816 1241 2866 quum
1266 2801 1396 2862 erit,

383 2879 591 2929 sensuri
612 2896 713 2928 non
740 2893 923 2927 sumus
945 2912 962 2939 ‚
984 2885 1269 2945 antequam
1287 2879 1361 2926 sit
1379 2915 1394 2942 ,

1498 2485 1646 2540 marii
1677 2499 1979 2540 exaruerunt
1997 2527 2014 2554 ,
2037 2499 2208 2540 tamen
2231 2497 2366 2559 patet
2390 2487 2528 2560 :pri-

1497 2583 1640 2615 mum
1664 2563 1780 2617 voci
1801 2570 2172 2634 σὸμα,ωφω·,
2199 2585 2385 2618 novam
2415 2566 2524 2618 vim

1497 2643 1649 2696 tribui
1685 2663 1714 2696 a
1756 2641 1971 2710 Stoicis,
2011 2645 2201 2717 quippe
2236 2645 2328 2716 qui
2363 2665 2524 2716 quum

1498 2740 1650 2775 omne
1671 2721 1726 2772 id
1745 2757 1761 2785 ,
1775 2720 1914 2792 quod
1941 2720 2066 2792 quid
2091 2720 2282 2786 efficit,
2307 2735 2416 2776 tum
2437 2743 2526 2775 ae-

1496 2798 1659 2852 tiones
1683 2800 1753 2852 ita
1792 2799 2048 2873 appellant
2083 2801 2312 2854 {deinde
2347 2821 2524 2854 omna

1493 2897 1574 2932 res
1593 2889 1839 2931 vocarunt
1862 2877 2164 2951 corporalia,
2187 2893 2242 2930 ιο
2260 2897 2376 2950 qua
2397 2877 2526 2949 quin

384 2953 595 3024 aliquis.
633 2953 764 3005 Cum
794 2951 1061 3004 Gronovio
1093 2950 1247 3004 trium
1279 2972 1396 3005 mss.

383 3032 651 3085 lectionem
680 3029 813 3083 dedi.
827 3030 985 3081 ——An
1001 3048 1075 3082 ex
1093 3049 1198 3082 eo...
1212 3033 1394 3098 possit.

294 3127 301 3134 ·
384 3111 421 3163 i.
438 3127 557 3161 e.an
578 3129 634 3161 ex
649 3109 784 3161 fama
799 3121 1047 3182 postuma,
1067 3127 1220 3178 quam
1235 3127 1394 3179 quum

382 3185 699 3250 habebimus,
711 3183 906 3238 sensuri
919 3205 1026 3238 non
1042 3203 1229 3250 sumus,
1245 3185 1396 3256 quip-

382 3283 445 3340 pe
483 3265 700 3328 mortui,
736 3276 1003 3334 antequam
1038 3263 1103 3316 sit
1138 3274 1187 3315 et
1225 3263 1399 3315 existat

383 3356 611 3416 postuma
636 3343 767 3395 fama
781 3378 796 3405 ‚
816 3341 919 3394 sive
942 3353 1214 3412 antequam
1246 3361 1398 3394 mor-

381 3423 479 3474 tuis
496 3419 642 3474 nobis
663 3420 729 3473 sit
749 3431 993 3491 superstes
1010 3457 1025 3484 ,
1058 3439 1197 3472 nunc
1224 3419 1394 3472 statim

380 3500 563 3570 aliquis
590 3501 775 3550 fructus
798 3497 1112 3571 percipiatur.
1136 3498 1361 3550 Gronov.

444 3577 493 3642 ⁴.
522 3575 786 3647 Quoedam
815 3579 1057 3629 continua
1078 3593 1189 3627 esse
1208 3595 1395 3642 corpo-

379 3673 473 3717 m,
498 3665 589 3707 etc.
609 3654 765 3707 Vides
790 3651 874 3706 hic
893 3652 1127 3704 subtilem
1157 3651 1291 3704 Stoae
1320 3652 1396 3704 di-

381 3731 627 3785 visionem
644 3749 906 3804 cor-porum
926 3727 1293 3794 adumbratam,
1310 3727 1399 3780 sed

381 3829 488 3864 non
519 3809 669 3884 plene
716 3807 1025 3882 explicatam.
1066 3805 1253 3874 Astigi:
1292 3819 1402 3878 post

382 3885 541 3959 Lipsii
582 3885 809 3958 Physiol.
854 3885 905 3936 11
925 3924 939 3951 ‚
982 3886 1029 3949 4.
1082 3883 1402 3937 Tiedemann

384 3965 591 4033 System
614 3963 663 4015 ll
689 3963 800 4015 init.
834 3961 940 4014 Etsi
961 3981 1039 4015 res
1066 3982 1171 4014 non
1206 3982 1402 4032 usque-

387 4058 584 4112 quaque
596 4041 729 4094 elara
742 4041 829 4108 sit,
844 4041 1089 4112 qnoniam
1104 4037 1266 4094 sontes
1286 4040 1404 4114 pri-

1493 2974 1612 3007 vere
1622 2966 1811 3008 exstent
1827 2973 1979 3006 nemo
1993 2953 2209 3016 dubiae
2223 2971 2283 3006 ιο
2293 2973 2526 3026 quesen·

1492 3052 1642 3086 suum
1669 3031 1903 3106 presidio
1924 3043 2326 3105 cognoscuntur3
2345 3032 2406 3084 3⁰
2417 3051 2524 3085 om-

1493 3109 1581 3162 nia
1596 3109 1779 3162 solida.
1802 3109 2190 3162 Jureconsultos
2217 3129 2348 3164 rom.
2371 3111 2524 3164 etiarn

1494 3188 1922 3254 hancdoctrinam
1938 3188 1998 3240 de
2017 3189 2308 3261 corporibus
2329 3209 2522 3242 eorum-

1495 3285 1592 3337 que
1620 3265 1840 3337 partibus
1861 3265 2102 3336 recepisse
2125 3279 2306 3318 notum
2329 3279 2430 3320 est:
2451 3268 2520 3319 cf.

1497 3345 1716 3398 Gataker
1739 3344 1802 3397 ad
1827 3345 1902 3397 M.
1932 3343 2181 3398 Antonin.
2206 3345 2336 3406 vll.
2367 3343 2450 3406 13,
2471 3365 2527 3417 p.

1499 3422 1610 3490 254.
1648 3420 1830 3474 Rublc.
1850 3422 2046 3493 —Ipsa
2081 3421 2192 3476 hec
2235 3421 2424 3476 divisio
2463 3422 2520 3475 in

1499 3499 1759 3552 Plutarchi
1795 3500 2052 3572 preceptis
2089 3501 2478 3554 connubialibus
2505 3519 2522 3554 :

1502 3599 1530 3624 α
1553 3574 1854 3651 Philosophi
1883 3576 2028 3629 aiunt
2051 3596 2322 3649 corporum
2342 3577 2440 3629 alia
2459 3595 2520 3628 ex

1499 3653 1796 3706 distantibus
1837 3667 2065 3707 constare
2087 3693 2102 3718 ‚
2145 3667 2201 3706 ut
2238 3655 2443 3708 classem
2469 3667 2522 3706 et

1497 3731 1765 3784 exercitum
1785 3731 1917 3796 ;-alia
1935 3753 1992 3784 ex
2013 3731 2300 3804 compositis
2321 3771 2338 3794 ,
2353 3743 2410 3784 ut
2425 3728 2522 3782 clo-

1497 3828 1642 3862 mum
1669 3821 1720 3861 et
1755 3826 1941 3862 navem
1971 3809 2104 3863 :alia
2137 3809 2358 3879 denique
2381 3807 2522 3860 unita

1501 3899 1550 3939 et
1567 3886 1808 3940 continua
1831 3905 1934 3939 esse
1959 3900 2016 3938 nt
2031 3887 2270 3957 quodque
2288 3887 2524 3939 animan-

1499 3965 1643 4017 tium.
1667 3985 1694 4011 ιο
1713 3964 1904 4017 Eadem
1924 3965 1979 4017 in
2001 3964 2290 4039 Pomponio
2310 3965 2443 4018 δύο.
2467 3985 2524 4035 q.

1500 4059 1606 4096 xxx
1625 4081 1640 4110 ,
1665 4043 1744 4094 De
1770 4041 2194 4114 usurpationibus.
2209 4041 2445 4111 Lipsius.
