2667 4475
737 360 799 429 E
844 362 1191 438 LIBRIS
1236 369 1691 438 SENncm.
2147 363 2274 450 461

149 488 665 557 Excusationem
694 509 1038 580 quaerere,
1072 487 1343 557 vitium.
1373 487 1646 558 Fortior
1670 503 1775 558 est
1805 490 1926 582 qui
1948 487 2287 584 cupidita-

150 625 287 678 tem
322 609 580 693 vincit,
630 631 831 701 quam
864 610 985 701 qui
1020 610 1280 679 hostem
1308 608 1612 704 subjicit.
1651 613 1773 680 Est
1802 608 2283 682 difficillimum

150 728 445 820 seipsum
482 726 791 794 vincere.
851 725 1097 818 Inique
1151 726 1502 808 irascitur,
1563 728 1683 819 qui
1749 726 1890 796 suis
1938 727 2279 797 irascitur.

149 838 399 910 Amare
420 841 521 909 sic
538 841 791 936 incipe,
809 855 1129 933 tanquam
1148 862 1288 910 non
1305 838 1510 911 liceat
1529 837 2284 934 desinere.Magnarum

148 977 383 1024 rerum
420 957 626 1025 etiam
657 957 717 1024 si
752 978 1098 1024 successus
1144 979 1281 1024 non
1333 955 1575 1036 fuerit,
1615 955 1940 1023 honestus
1989 971 2092 1023 est
2135 957 2285 1050 ipse

147 1069 459 1140 conatus,
492 1071 827 1141 Nobilitas
846 1074 1062 1141 animi
1088 1088 1193 1142 est
1220 1064 1634 1166 generositas
1663 1095 1922 1140 sensus.
1953 1070 2285 1142 Nobilitas

146 1189 451 1281 corporis
492 1211 864 1280 generosus
892 1189 1186 1256 animus.
1218 1189 1586 1256 Honestior
1611 1202 1715 1256 est
1739 1211 1944 1281 quem
1975 1205 2286 1258 senectus

144 1303 237 1371 ad
274 1304 483 1372 otium
513 1303 788 1388 retulit,
824 1329 1025 1397 quam
1058 1329 1261 1397 quem
1280 1305 1361 1371 in
1391 1305 1527 1372 otio
1565 1306 1864 1385 invenit,
1895 1320 1965 1372 et
1997 1320 2160 1374 tunc
2183 1308 2286 1374 in-

144 1421 352 1515 cipiat
376 1421 713 1490 laborare.
741 1421 979 1514 Turpe
1012 1421 1471 1514 spectaculum
1500 1421 1760 1514 praebet
1778 1422 2046 1490 animus
2071 1446 2276 1514 aeger.

139 1540 509 1630 Nunquam
534 1538 625 1605 sit
648 1538 857 1605 tristis
882 1537 1087 1606 facies
1106 1535 1232 1605 tibi
1258 1537 1333 1603 in
1358 1535 1708 1606 commodo
1735 1536 2041 1606 alterius.
2064 1539 2280 1606 Homo

138 1677 293 1721 sum
313 1697 338 1737 ,
384 1651 730 1747 quomodo
784 1651 1099 1721 devitabo
1134 1653 1590 1722 secundarum
1627 1676 1857 1723 rerum
1901 1653 2282 1724 invidiam?

136 1771 217 1840 si
270 1769 656 1840 felicitatem
695 1770 1095 1862 jactaveris,
1138 1794 1291 1838 cum
1349 1769 1578 1838 multis
1623 1768 1815 1838 dives
1865 1771 2029 1839 eris.
2079 1771 2283 1864 Quo-

136 1883 347 1952 modo
382 1884 635 1978 optime
674 1885 1047 1977 potentiam
1080 1883 1322 1952 tuebor
1351 1885 1382 1952 Ρ
1421 1886 1822 1978 impotentia
1873 1882 2276 1956 occasionis.
2333 1873 2342 1890 ’

136 2005 399 2069 Locum
429 2016 617 2068 tenet
654 1999 1061 2067 innocentiae
1108 2001 1492 2092 proximum
1546 2001 1906 2071 confessio.
1945 2002 2080 2072 Ubi
2114 2028 2282 2072 con-

136 2119 393 2204 fessio,
433 2117 530 2186 ibi
572 2117 906 2184 remissio.
949 2118 1073 2184 Irae
1118 2116 1446 2185 severitas
1483 2119 1556 2185 in
1599 2119 1764 2186 vitio
1805 2135 1932 2187 est.
1962 2121 2130 2189 Boni
2157 2122 2284 2212 ju·-

136 2230 317 2303 dicis
342 2251 444 2303 est
478 2233 909 2327 dispensare,
952 2256 1085 2299 nou
1135 2248 1394 2300 tantum
1439 2229 1610 2322 quid
1653 2231 2107 2303 damnandum
2143 2239 2275 2321 sit,

136 2349 269 2419 sed
304 2366 659 2442 quatenus.
691 2349 1041 2416 Proximus
1064 2347 1350 2439 justitiae
1387 2345 1626 2414 modus
1661 2350 2010 2418 severitas.
2050 2351 2282 2444 Quie-

134 2464 469 2531 tissimam
516 2462 720 2528 vitam
769 2476 1054 2553 agerent
1104 2458 1414 2527 homines
1463 2460 1536 2526 in
1587 2462 1824 2547 terris,
1875 2463 1932 2529 si
1967 2460 2111 2530 haec
2146 2461 2280 2533 duo

132 2579 353 2648 verba
376 2603 419 2646 a
444 2594 685 2646 natura
718 2578 1017 2645 omnium
1048 2598 1275 2672 rerum
1308 2574 1626 2645 tollerent
1644 2625 1662 2657 ,
1703 2599 1926 2646 meum
1958 2594 2028 2647 et
2057 2594 2273 2649 tuum.

134 2698 288 2789 Qui
332 2711 796 2791 paupertatem
832 2696 1061 2777 timet,
1104 2692 1442 2762 timendus
1492 2710 1618 2761 est.
1657 2696 1856 2763 Vires
1897 2710 2044 2765 tuas
2080 2700 2279 2769 amici

136 2814 363 2906 magis
397 2813 690 2881 sentiant
726 2810 1080 2878 beneficiis
1114 2832 1313 2901 quam
1345 2808 1640 2902 injuriis.
1676 2811 1974 2879 Pecunia
2002 2836 2142 2883 non
2173 2838 2280 2882 sa-

130 2930 267 2996 tiat
301 2928 691 3008 avaritiam,
727 2924 847 2993 sed
879 2923 1125 2992 irritat.
1165 2927 1383 2992 Homo
1420 2948 1686 3019 semper
1719 2926 2038 3021 indigens
2071 2953 2282 3023 pecu-

136 3044 260 3112 nia
282 3094 305 3128 ,
348 3044 475 3111 scit
507 3066 659 3111 cum
696 3041 845 3135 ejus
880 3039 1183 3109 moribus
1216 3044 1606 3110 convenire.
1649 3044 1825 3110 Mihi
1863 3043 2099 3127 crede,
2139 3070 2278 3114 non

130 3175 337 3256 potes
365 3158 557 3228 dives
592 3182 739 3227 esse
759 3205 780 3241 ,
823 3172 893 3225 et
920 3154 1105 3224 felix.
1136 3156 1435 3223 Auribus
1463 3157 1887 3249 frequentius
1915 3182 2118 3252 quam
2146 3160 2278 3229 lin-

134 3300 281 3371 gua
308 3292 526 3345 utere.
565 3274 919 3368 Quicquid
949 3273 1255 3342 dicturus
1283 3296 1358 3341 es
1380 3323 1401 3357 ,
1424 3287 1786 3365 antequam
1811 3273 1966 3343 aliis
1988 3274 2272 3359 dixeris,

132 3393 355 3462 dicito
392 3392 545 3461 tibi.
582 3391 778 3462 Nihil
810 3392 1093 3458 interest
1126 3392 1308 3458 inter
1344 3390 1592 3458 iratum
1635 3403 1706 3457 et
1750 3392 2058 3459 insanum
2084 3440 2105 3474 ‚
2144 3394 2278 3460 nisi

130 3530 322 3576 unus
353 3505 523 3575 dies.
560 3505 752 3575 Alter
787 3530 925 3574 non
966 3527 1251 3597 semper·
1272 3504 1616 3588 irascitur,
1659 3501 1833 3571 alter
1869 3526 2136 3599 semper
2163 3507 2282 3575 in-

134 3622 347 3695 sanit.
373 3619 722 3691 Facillime
751 3621 950 3691 bonis
976 3622 1251 3707 frueris,
1270 3621 1327 3687 si
1357 3642 1438 3688 ea
1462 3620 1807 3706 vitaveris,
1839 3644 1990 3712 quae
2015 3623 2281 3716 vitupe-

137 3738 429 3807 raveris.
448 3736 685 3829 Quum
702 3716 959 3805 alienos
976 3735 1305 3817 timueris,
1323 3749 1392 3802 te
1405 3735 1630 3828 ipsum
1646 3756 1908 3817 verere,
1929 3722 2084 3803 nam
2101 3760 2280 3830 saepe

136 3856 291 3924 sine
318 3852 469 3921 aliis
492 3876 640 3921 esse
668 3867 893 3947 potes,
916 3852 1065 3919 sine
1083 3866 1149 3919 te
1170 3873 1547 3942 nunquam.
1569 3845 1642 3919 si
1666 3848 1840 3917 bene
1859 3838 2281 3919 te'instruxe-

134 3973 278 4053 ris,
306 3966 561 4064 pudeat
588 3966 922 4037 deteriora
946 3966 1195 4036 facere.
1231 3964 1443 4058 Quod
1479 3967 1931 4057 persuaseris,
1965 3966 2095 4033 erit
2121 3964 2280 4035 diu-

138 4104 458 4173 turnum,
492 4084 677 4179 quod
700 4084 1032 4177 coegeris,
1062 4082 1193 4152 erit
1211 4082 1285 4149 in
1308 4080 1754 4151 occasionem.
1779 4079 1998 4151 Alteri
2015 4102 2282 4174 semper
