<?xml version="1.0" encoding="UTF-8"?>
<!DOCTYPE html PUBLIC "-//W3C//DTD XHTML 1.0 Transitional//EN"
    "http://www.w3.org/TR/xhtml1/DTD/xhtml1-transitional.dtd">
<html xmlns="http://www.w3.org/1999/xhtml" xml:lang="en" lang="en">
 <head>
  <title>
</title>
<meta http-equiv="Content-Type" content="text/html;charset=utf-8" />
  <meta name='ocr-system' content='tesseract 3.04.00' />
  <meta name='ocr-capabilities' content='ocr_page ocr_carea ocr_par ocr_line ocrx_word'/>
</head>
<body>
  <div class='ocr_page' id='page_1' title='image "./lannaeisenecaeo04bouigoog_0017.png"; bbox 0 0 2667 4475; ppageno 0'>
   <div class='ocr_carea' id='block_1_1' title="bbox 347 246 1907 337">
    <p class='ocr_par' dir='ltr' id='par_1_1' title="bbox 347 246 1907 337">
     <span class='ocr_line' id='line_1_1' title="bbox 347 246 1907 337; baseline -0.001 -18"><span class='ocrx_word' id='word_1_1' title='bbox 347 253 392 319; x_wconf 90' lang='lat'>6</span> <span class='ocrx_word' id='word_1_2' title='bbox 939 250 1020 317; x_wconf 82' lang='lat' dir='ltr'><strong>L.</strong></span> <span class='ocrx_word' id='word_1_3' title='bbox 1075 247 1433 337; x_wconf 64' lang='lat' dir='ltr'><strong>ANNAEI</strong></span> <span class='ocrx_word' id='word_1_4' title='bbox 1481 246 1907 317; x_wconf 81' lang='lat' dir='ltr'>SENECAE</span> 
     </span>
    </p>
   </div>
   <div class='ocr_carea' id='block_1_2' title="bbox 269 377 2495 1523">
    <p class='ocr_par' dir='ltr' id='par_1_2' title="bbox 269 377 2495 1523">
     <span class='ocr_line' id='line_1_2' title="bbox 349 377 2479 475; baseline 0.001 -25"><span class='ocrx_word' id='word_1_5' title='bbox 349 384 569 450; x_wconf 78' lang='lat' dir='ltr'><strong>tionis.</strong></span> <span class='ocrx_word' id='word_1_6' title='bbox 599 378 783 451; x_wconf 91' lang='lat' dir='ltr'><strong>Illud</strong></span> <span class='ocrx_word' id='word_1_7' title='bbox 803 380 998 473; x_wconf 77' lang='lat' dir='ltr'><strong>quasi</strong></span> <span class='ocrx_word' id='word_1_8' title='bbox 1015 381 1315 449; x_wconf 84' lang='lat' dir='ltr'><strong>constitit</strong></span> <span class='ocrx_word' id='word_1_9' title='bbox 1333 385 1385 463; x_wconf 90' lang='lat'><strong>¹,</strong></span> <span class='ocrx_word' id='word_1_10' title='bbox 1410 377 1676 473; x_wconf 88' lang='lat' dir='ltr'><strong>aliquid</strong></span> <span class='ocrx_word' id='word_1_11' title='bbox 1694 380 1877 447; x_wconf 82' lang='lat' dir='ltr'><strong>inter</strong></span> <span class='ocrx_word' id='word_1_12' title='bbox 1894 379 2399 475; x_wconf 73' lang='lat' dir='ltr'><strong>Philosophiam</strong></span> <span class='ocrx_word' id='word_1_13' title='bbox 2416 400 2479 453; x_wconf 85' lang='lat' dir='ltr'><strong>et</strong></span> 
     </span>
     <span class='ocr_line' id='line_1_3' title="bbox 349 495 2483 591; baseline -0.001 -24"><span class='ocrx_word' id='word_1_14' title='bbox 349 498 766 591; x_wconf 83' lang='lat' dir='ltr'><strong>Sapientiam</strong></span> <span class='ocrx_word' id='word_1_15' title='bbox 811 499 1140 566; x_wconf 86' lang='lat' dir='ltr'><strong>interesse</strong></span> <span class='ocrx_word' id='word_1_16' title='bbox 1176 525 1194 564; x_wconf 78' lang='lat'>2</span> <span class='ocrx_word' id='word_1_17' title='bbox 1229 520 1454 590; x_wconf 81' lang='lat' dir='ltr'><strong>neque</strong></span> <span class='ocrx_word' id='word_1_18' title='bbox 1480 498 1666 567; x_wconf 85' lang='lat' dir='ltr'><strong>enim</strong></span> <span class='ocrx_word' id='word_1_19' title='bbox 1692 496 1847 565; x_wconf 82' lang='lat' dir='ltr'><strong>fieri</strong></span> <span class='ocrx_word' id='word_1_20' title='bbox 1882 511 2109 588; x_wconf 82' lang='lat' dir='ltr'><strong>potest</strong></span> <span class='ocrx_word' id='word_1_21' title='bbox 2129 544 2149 580; x_wconf 88' lang='lat'><strong>,</strong></span> <span class='ocrx_word' id='word_1_22' title='bbox 2194 512 2273 565; x_wconf 89' lang='lat' dir='ltr'><strong>ut</strong></span> <span class='ocrx_word' id='word_1_23' title='bbox 2304 495 2483 567; x_wconf 84' lang='lat' dir='ltr'><strong>idem</strong></span> 
     </span>
     <span class='ocr_line' id='line_1_4' title="bbox 349 612 2485 706; baseline 0.001 -25"><span class='ocrx_word' id='word_1_24' title='bbox 349 616 440 681; x_wconf 86' lang='lat' dir='ltr'><strong>sit</strong></span> <span class='ocrx_word' id='word_1_25' title='bbox 483 614 668 706; x_wconf 91' lang='lat' dir='ltr'><strong>quod</strong></span> <span class='ocrx_word' id='word_1_26' title='bbox 706 614 1087 698; x_wconf 83' lang='lat' dir='ltr'><strong>affectatur,</strong></span> <span class='ocrx_word' id='word_1_27' title='bbox 1129 629 1200 683; x_wconf 86' lang='lat' dir='ltr'><strong>et</strong></span> <span class='ocrx_word' id='word_1_28' title='bbox 1234 612 1419 706; x_wconf 89' lang='lat' dir='ltr'><strong>quod</strong></span> <span class='ocrx_word' id='word_1_29' title='bbox 1462 614 1756 683; x_wconf 82' lang='lat' dir='ltr'><strong>affectat.</strong></span> <span class='ocrx_word' id='word_1_30' title='bbox 1799 612 2163 706; x_wconf 85' lang='lat' dir='ltr'><strong>Quomodo</strong></span> <span class='ocrx_word' id='word_1_31' title='bbox 2206 614 2485 683; x_wconf 88' lang='lat' dir='ltr'><strong>multum</strong></span> 
     </span>
     <span class='ocr_line' id='line_1_5' title="bbox 349 727 2480 823; baseline 0.001 -28"><span class='ocrx_word' id='word_1_32' title='bbox 349 730 533 796; x_wconf 83' lang='lat' dir='ltr'><strong>inter</strong></span> <span class='ocrx_word' id='word_1_33' title='bbox 561 729 912 799; x_wconf 76' lang='lat' dir='ltr'><strong>avaritiam</strong></span> <span class='ocrx_word' id='word_1_34' title='bbox 953 744 1022 797; x_wconf 84' lang='lat' dir='ltr'><strong>et</strong></span> <span class='ocrx_word' id='word_1_35' title='bbox 1067 731 1427 822; x_wconf 82' lang='lat' dir='ltr'><strong>pecuniam</strong></span> <span class='ocrx_word' id='word_1_36' title='bbox 1475 730 1790 811; x_wconf 85' lang='lat' dir='ltr'><strong>interest,</strong></span> <span class='ocrx_word' id='word_1_37' title='bbox 1824 752 2036 820; x_wconf 89' lang='lat' dir='ltr'><strong>quum</strong></span> <span class='ocrx_word' id='word_1_38' title='bbox 2066 727 2186 797; x_wconf 78' lang='lat' dir='ltr'><strong>illa</strong></span> <span class='ocrx_word' id='word_1_39' title='bbox 2218 731 2480 823; x_wconf 81' lang='lat' dir='ltr'><strong>cupiat,</strong></span> 
     </span>
     <span class='ocr_line' id='line_1_6' title="bbox 349 842 2481 939; baseline 0 -28"><span class='ocrx_word' id='word_1_40' title='bbox 349 843 498 913; x_wconf 79' lang='lat' dir='ltr'><strong>haec</strong></span> <span class='ocrx_word' id='word_1_41' title='bbox 521 846 1072 939; x_wconf 80' lang='lat' dir='ltr'><strong>concupiscatur3</strong></span> <span class='ocrx_word' id='word_1_42' title='bbox 1102 846 1202 913; x_wconf 89' lang='lat' dir='ltr'><strong>sic</strong></span> <span class='ocrx_word' id='word_1_43' title='bbox 1228 848 1413 913; x_wconf 85' lang='lat' dir='ltr'><strong>inter</strong></span> <span class='ocrx_word' id='word_1_44' title='bbox 1432 842 1931 939; x_wconf 72' lang='lat' dir='ltr'><strong>philosophiam</strong></span> <span class='ocrx_word' id='word_1_45' title='bbox 1960 859 2031 913; x_wconf 83' lang='lat' dir='ltr'><strong>et</strong></span> <span class='ocrx_word' id='word_1_46' title='bbox 2061 845 2481 937; x_wconf 71' lang='lat' dir='ltr'><strong>sapientiam.</strong></span> 
     </span>
     <span class='ocr_line' id='line_1_7' title="bbox 349 960 2489 1055; baseline -0.001 -24"><span class='ocrx_word' id='word_1_47' title='bbox 349 964 512 1031; x_wconf 86' lang='lat' dir='ltr'><strong>Haec</strong></span> <span class='ocrx_word' id='word_1_48' title='bbox 547 964 730 1031; x_wconf 85' lang='lat' dir='ltr'><strong>enim</strong></span> <span class='ocrx_word' id='word_1_49' title='bbox 765 962 950 1031; x_wconf 88' lang='lat' dir='ltr'><strong>illius</strong></span> <span class='ocrx_word' id='word_1_50' title='bbox 997 962 1276 1031; x_wconf 84' lang='lat' dir='ltr'><strong>effectus</strong></span> <span class='ocrx_word' id='word_1_51' title='bbox 1311 978 1383 1031; x_wconf 86' lang='lat' dir='ltr'><strong>et</strong></span> <span class='ocrx_word' id='word_1_52' title='bbox 1419 962 1776 1055; x_wconf 81' lang='lat' dir='ltr'><strong>praemium</strong></span> <span class='ocrx_word' id='word_1_53' title='bbox 1806 976 1952 1050; x_wconf 78' lang='lat' dir='ltr'><strong>est3</strong></span> <span class='ocrx_word' id='word_1_54' title='bbox 1986 961 2106 1031; x_wconf 79' lang='lat' dir='ltr'><strong>illa</strong></span> <span class='ocrx_word' id='word_1_55' title='bbox 2138 963 2327 1031; x_wconf 80' lang='lat' dir='ltr'><strong>venit</strong></span> <span class='ocrx_word' id='word_1_56' title='bbox 2352 1012 2371 1046; x_wconf 92' lang='lat'><strong>,</strong></span> <span class='ocrx_word' id='word_1_57' title='bbox 2404 960 2489 1030; x_wconf 79' lang='lat' dir='ltr'><strong>ad</strong></span> 
     </span>
     <span class='ocr_line' id='line_1_8' title="bbox 283 1078 2495 1179; baseline 0.003 -33"><span class='ocrx_word' id='word_1_58' title='bbox 283 1144 294 1154; x_wconf 85' lang='grc'><strong>,</strong></span> <span class='ocrx_word' id='word_1_59' title='bbox 349 1079 532 1147; x_wconf 86' lang='lat' dir='ltr'><strong>hanc</strong></span> <span class='ocrx_word' id='word_1_60' title='bbox 557 1080 722 1148; x_wconf 87' lang='lat' dir='ltr'><strong>itur.</strong></span> <span class='ocrx_word' id='word_1_61' title='bbox 755 1078 1108 1171; x_wconf 81' lang='lat' dir='ltr'><strong>Sapientia</strong></span> <span class='ocrx_word' id='word_1_62' title='bbox 1135 1096 1238 1151; x_wconf 83' lang='lat' dir='ltr'><strong>est</strong></span> <span class='ocrx_word' id='word_1_63' title='bbox 1257 1130 1276 1165; x_wconf 90' lang='lat'>‚</span> <span class='ocrx_word' id='word_1_64' title='bbox 1311 1105 1515 1173; x_wconf 79' lang='lat' dir='ltr'><strong>quam</strong></span> <span class='ocrx_word' id='word_1_65' title='bbox 1542 1082 1767 1151; x_wconf 80' lang='lat' dir='ltr'><strong>Graeci</strong></span> <span class='ocrx_word' id='word_1_66' title='bbox 1792 1080 2022 1179; x_wconf 80' lang='grc' dir='ltr'>σοφίαν</span> <span class='ocrx_word' id='word_1_67' title='bbox 2048 1095 2315 1151; x_wconf 83' lang='lat' dir='ltr'><strong>vocant.</strong></span> <span class='ocrx_word' id='word_1_68' title='bbox 2350 1082 2495 1151; x_wconf 81' lang='lat' dir='ltr'><strong>Hoc</strong></span> 
     </span>
     <span class='ocr_line' id='line_1_9' title="bbox 350 1196 2494 1292; baseline 0.003 -28"><span class='ocrx_word' id='word_1_69' title='bbox 350 1196 560 1265; x_wconf 80' lang='lat' dir='ltr'><strong>verbo</strong></span> <span class='ocrx_word' id='word_1_70' title='bbox 597 1198 888 1267; x_wconf 80' lang='lat' dir='ltr'><strong>Romani</strong></span> <span class='ocrx_word' id='word_1_71' title='bbox 923 1222 1198 1292; x_wconf 82' lang='lat' dir='ltr'><strong>quoquo</strong></span> <span class='ocrx_word' id='word_1_72' title='bbox 1228 1198 1625 1281; x_wconf 84' lang='lat' dir='ltr'><strong>utebantur,</strong></span> <span class='ocrx_word' id='word_1_73' title='bbox 1667 1200 1843 1269; x_wconf 89' lang='lat' dir='ltr'><strong>sicut</strong></span> <span class='ocrx_word' id='word_1_74' title='bbox 1870 1199 2283 1289; x_wconf 77' lang='lat' dir='ltr'><strong>philosophia</strong></span> <span class='ocrx_word' id='word_1_75' title='bbox 2312 1222 2494 1270; x_wconf 79' lang='lat' dir='ltr'><strong>nuno</strong></span> 
     </span>
     <span class='ocr_line' id='line_1_10' title="bbox 269 1314 2495 1410; baseline -0.001 -21"><span class='ocrx_word' id='word_1_76' title='bbox 269 1336 306 1389; x_wconf 78' lang='grc'><strong>6</strong></span> <span class='ocrx_word' id='word_1_77' title='bbox 354 1338 630 1407; x_wconf 80' lang='lat' dir='ltr'><strong>quoque</strong></span> <span class='ocrx_word' id='word_1_78' title='bbox 677 1329 988 1384; x_wconf 86' lang='lat' dir='ltr'><strong>utuntur.</strong></span> <span class='ocrx_word' id='word_1_79' title='bbox 1049 1314 1258 1408; x_wconf 89' lang='lat' dir='ltr'><strong>Quod</strong></span> <span class='ocrx_word' id='word_1_80' title='bbox 1305 1332 1375 1385; x_wconf 83' lang='lat' dir='ltr'><strong>et</strong></span> <span class='ocrx_word' id='word_1_81' title='bbox 1422 1320 1697 1410; x_wconf 77' lang='lat' dir='ltr'><strong>togatae²</strong></span> <span class='ocrx_word' id='word_1_82' title='bbox 1742 1315 1868 1385; x_wconf 87' lang='lat' dir='ltr'><strong>tibi</strong></span> <span class='ocrx_word' id='word_1_83' title='bbox 1904 1316 2202 1408; x_wconf 79' lang='lat' dir='ltr'><strong>antiquae</strong></span> <span class='ocrx_word' id='word_1_84' title='bbox 2242 1316 2495 1409; x_wconf 85' lang='lat' dir='ltr'><strong>proba·</strong></span> 
     </span>
     <span class='ocr_line' id='line_1_11' title="bbox 354 1426 2235 1523; baseline 0.001 -28"><span class='ocrx_word' id='word_1_85' title='bbox 354 1426 560 1511; x_wconf 88' lang='lat' dir='ltr'><strong>hunt,</strong></span> <span class='ocrx_word' id='word_1_86' title='bbox 603 1444 673 1497; x_wconf 85' lang='lat' dir='ltr'><strong>et</strong></span> <span class='ocrx_word' id='word_1_87' title='bbox 703 1429 1071 1523; x_wconf 84' lang='lat' dir='ltr'><strong>inscriptus</strong></span> <span class='ocrx_word' id='word_1_88' title='bbox 1109 1431 1445 1501; x_wconf 80' lang='lat' dir='ltr'><strong>Dossenni</strong></span> <span class='ocrx_word' id='word_1_89' title='bbox 1477 1443 1913 1499; x_wconf 86' lang='lat' dir='ltr'><strong>monumento</strong></span> <span class='ocrx_word' id='word_1_90' title='bbox 1950 1429 2185 1497; x_wconf 88' lang='lat' dir='ltr'><strong>titulus</strong></span> <span class='ocrx_word' id='word_1_91' title='bbox 2218 1454 2235 1495; x_wconf 72' lang='grc' dir='ltr'>ε</span> 
     </span>
    </p>
   </div>
   <div class='ocr_carea' id='block_1_3' title="bbox 685 1570 1899 1647">
    <p class='ocr_par' dir='ltr' id='par_1_3' title="bbox 685 1570 1899 1647">
     <span class='ocr_line' id='line_1_12' title="bbox 685 1570 1899 1647; baseline 0.001 -22"><span class='ocrx_word' id='word_1_92' title='bbox 685 1572 878 1645; x_wconf 80' lang='lat' dir='ltr'><strong>Hospes</strong></span> <span class='ocrx_word' id='word_1_93' title='bbox 901 1573 1071 1625; x_wconf 83' lang='lat' dir='ltr'><strong>resiste</strong></span> <span class='ocrx_word' id='word_1_94' title='bbox 1089 1612 1105 1635; x_wconf 84' lang='lat'><strong>,</strong></span> <span class='ocrx_word' id='word_1_95' title='bbox 1132 1584 1180 1625; x_wconf 83' lang='lat' dir='ltr'><strong>et</strong></span> <span class='ocrx_word' id='word_1_96' title='bbox 1201 1572 1434 1647; x_wconf 75' lang='lat' dir='ltr'><strong>sophiam</strong></span> <span class='ocrx_word' id='word_1_97' title='bbox 1458 1572 1749 1627; x_wconf 67' lang='grc' dir='ltr'><strong>Βοιωιιιιί8</strong></span> <span class='ocrx_word' id='word_1_98' title='bbox 1770 1570 1899 1647; x_wconf 83' lang='lat' dir='ltr'><strong>lege.</strong></span> 
     </span>
    </p>
   </div>
   <div class='ocr_carea' id='block_1_4' title="bbox 275 1664 2506 2381">
    <p class='ocr_par' dir='ltr' id='par_1_4' title="bbox 275 1664 2506 2381">
     <span class='ocr_line' id='line_1_13' title="bbox 354 1664 2501 1791; baseline 0 -28"><span class='ocrx_word' id='word_1_99' title='bbox 354 1695 658 1787; x_wconf 86' lang='lat' dir='ltr'><strong>Quidam</strong></span> <span class='ocrx_word' id='word_1_100' title='bbox 701 1718 782 1763; x_wconf 83' lang='lat' dir='ltr'><strong>ex</strong></span> <span class='ocrx_word' id='word_1_101' title='bbox 820 1697 1068 1765; x_wconf 86' lang='lat' dir='ltr'><strong>nostris</strong></span> <span class='ocrx_word' id='word_1_102' title='bbox 1092 1746 1110 1777; x_wconf 88' lang='lat'>,</span> <span class='ocrx_word' id='word_1_103' title='bbox 1156 1697 1468 1787; x_wconf 86' lang='lat' dir='ltr'><strong>quamvis</strong></span> <span class='ocrx_word' id='word_1_104' title='bbox 1518 1695 1952 1791; x_wconf 75' lang='lat' dir='ltr'><strong>philosophia</strong></span> <span class='ocrx_word' id='word_1_105' title='bbox 2004 1664 2303 1765; x_wconf 76' lang='lat' dir='ltr'><strong>studium</strong></span> <span class='ocrx_word' id='word_1_106' title='bbox 2356 1696 2501 1763; x_wconf 85' lang='lat' dir='ltr'><strong>vir-</strong></span> 
     </span>
     <span class='ocr_line' id='line_1_14' title="bbox 351 1812 2502 1908; baseline 0 -30"><span class='ocrx_word' id='word_1_107' title='bbox 351 1812 518 1878; x_wconf 83' lang='lat' dir='ltr'><strong>tutis</strong></span> <span class='ocrx_word' id='word_1_108' title='bbox 555 1827 767 1896; x_wconf 84' lang='lat' dir='ltr'><strong>esset,</strong></span> <span class='ocrx_word' id='word_1_109' title='bbox 821 1827 893 1879; x_wconf 85' lang='lat' dir='ltr'><strong>et</strong></span> <span class='ocrx_word' id='word_1_110' title='bbox 935 1812 1078 1881; x_wconf 85' lang='lat' dir='ltr'><strong>haec</strong></span> <span class='ocrx_word' id='word_1_111' title='bbox 1129 1828 1505 1905; x_wconf 85' lang='lat' dir='ltr'><strong>peteretur,</strong></span> <span class='ocrx_word' id='word_1_112' title='bbox 1561 1812 1679 1881; x_wconf 85' lang='lat' dir='ltr'><strong>ina</strong></span> <span class='ocrx_word' id='word_1_113' title='bbox 1727 1829 2033 1908; x_wconf 83' lang='lat' dir='ltr'><strong>peteret,</strong></span> <span class='ocrx_word' id='word_1_114' title='bbox 2090 1828 2318 1881; x_wconf 85' lang='lat' dir='ltr'><strong>tamen</strong></span> <span class='ocrx_word' id='word_1_115' title='bbox 2366 1835 2502 1879; x_wconf 90' lang='lat' dir='ltr'><strong>non</strong></span> 
     </span>
     <span class='ocr_line' id='line_1_15' title="bbox 348 1928 2503 2027; baseline 0 -31"><span class='ocrx_word' id='word_1_116' title='bbox 348 1944 761 2021; x_wconf 83' lang='lat' dir='ltr'><strong>putaverunt</strong></span> <span class='ocrx_word' id='word_1_117' title='bbox 782 1928 934 1997; x_wconf 85' lang='lat' dir='ltr'><strong>illas</strong></span> <span class='ocrx_word' id='word_1_118' title='bbox 962 1928 1247 1998; x_wconf 79' lang='lat' dir='ltr'><strong>distrahi</strong></span> <span class='ocrx_word' id='word_1_119' title='bbox 1275 1954 1471 2023; x_wconf 85' lang='lat' dir='ltr'><strong>posse</strong></span> <span class='ocrx_word' id='word_1_120' title='bbox 1505 1958 1519 1995; x_wconf 90' lang='lat'>:</span> <span class='ocrx_word' id='word_1_121' title='bbox 1553 1954 1709 1998; x_wconf 85' lang='lat' dir='ltr'><strong>nam</strong></span> <span class='ocrx_word' id='word_1_122' title='bbox 1740 1955 1868 1999; x_wconf 86' lang='lat' dir='ltr'><strong>nec</strong></span> <span class='ocrx_word' id='word_1_123' title='bbox 1893 1930 2327 2027; x_wconf 84' lang='lat' dir='ltr'><strong>philosophia</strong></span> <span class='ocrx_word' id='word_1_124' title='bbox 2353 1932 2503 1998; x_wconf 86' lang='lat' dir='ltr'><strong>sine</strong></span> 
     </span>
     <span class='ocr_line' id='line_1_16' title="bbox 275 2044 2505 2140; baseline 0 -27"><span class='ocrx_word' id='word_1_125' title='bbox 275 2078 300 2127; x_wconf 87' lang='lat'><strong>7</strong></span> <span class='ocrx_word' id='word_1_126' title='bbox 357 2046 604 2113; x_wconf 83' lang='lat' dir='ltr'><strong>virtute</strong></span> <span class='ocrx_word' id='word_1_127' title='bbox 640 2062 776 2127; x_wconf 84' lang='lat' dir='ltr'><strong>est,</strong></span> <span class='ocrx_word' id='word_1_128' title='bbox 821 2068 952 2113; x_wconf 86' lang='lat' dir='ltr'><strong>nec</strong></span> <span class='ocrx_word' id='word_1_129' title='bbox 989 2046 1138 2112; x_wconf 83' lang='lat' dir='ltr'><strong>sine</strong></span> <span class='ocrx_word' id='word_1_130' title='bbox 1170 2044 1605 2140; x_wconf 81' lang='lat' dir='ltr'><strong>philosophia</strong></span> <span class='ocrx_word' id='word_1_131' title='bbox 1640 2049 1859 2115; x_wconf 86' lang='lat' dir='ltr'><strong>virtus</strong></span> <span class='ocrx_word' id='word_1_132' title='bbox 1895 2063 2020 2116; x_wconf 87' lang='lat' dir='ltr'><strong>est.</strong></span> <span class='ocrx_word' id='word_1_133' title='bbox 2062 2046 2505 2140; x_wconf 73' lang='lat' dir='ltr'><strong>Philosophia</strong></span> 
     </span>
     <span class='ocr_line' id='line_1_17' title="bbox 357 2159 2506 2255; baseline 0.001 -29"><span class='ocrx_word' id='word_1_134' title='bbox 357 2159 656 2230; x_wconf 83' lang='lat' dir='ltr'><strong>studium</strong></span> <span class='ocrx_word' id='word_1_135' title='bbox 681 2160 952 2228; x_wconf 83' lang='lat' dir='ltr'><strong>virtutis</strong></span> <span class='ocrx_word' id='word_1_136' title='bbox 981 2174 1118 2243; x_wconf 85' lang='lat' dir='ltr'><strong>est,</strong></span> <span class='ocrx_word' id='word_1_137' title='bbox 1160 2159 1279 2228; x_wconf 83' lang='lat' dir='ltr'><strong>sed</strong></span> <span class='ocrx_word' id='word_1_138' title='bbox 1314 2184 1441 2254; x_wconf 87' lang='lat' dir='ltr'><strong>per</strong></span> <span class='ocrx_word' id='word_1_139' title='bbox 1472 2162 1689 2255; x_wconf 84' lang='lat' dir='ltr'><strong>ipsam</strong></span> <span class='ocrx_word' id='word_1_140' title='bbox 1721 2162 2045 2231; x_wconf 83' lang='lat' dir='ltr'><strong>virtutem</strong></span> <span class='ocrx_word' id='word_1_141' title='bbox 2064 2186 2084 2252; x_wconf 90' lang='lat'>;</span> <span class='ocrx_word' id='word_1_142' title='bbox 2124 2182 2256 2229; x_wconf 86' lang='lat' dir='ltr'><strong>nec</strong></span> <span class='ocrx_word' id='word_1_143' title='bbox 2289 2162 2506 2231; x_wconf 82' lang='lat' dir='ltr'><strong>virtus</strong></span> 
     </span>
     <span class='ocr_line' id='line_1_18' title="bbox 359 2271 2505 2381; baseline 0.002 -39"><span class='ocrx_word' id='word_1_144' title='bbox 359 2271 626 2345; x_wconf 77' lang='lat' dir='ltr'><strong>autem⁴</strong></span> <span class='ocrx_word' id='word_1_145' title='bbox 667 2299 812 2344; x_wconf 84' lang='lat' dir='ltr'><strong>esse</strong></span> <span class='ocrx_word' id='word_1_146' title='bbox 848 2277 998 2344; x_wconf 81' lang='lat' dir='ltr'><strong>sine</strong></span> <span class='ocrx_word' id='word_1_147' title='bbox 1034 2275 1258 2344; x_wconf 85' lang='lat' dir='ltr'><strong>studio</strong></span> <span class='ocrx_word' id='word_1_148' title='bbox 1301 2279 1405 2344; x_wconf 88' lang='lat' dir='ltr'><strong>sui</strong></span> <span class='ocrx_word' id='word_1_149' title='bbox 1443 2293 1703 2371; x_wconf 85' lang='lat' dir='ltr'><strong>potest,</strong></span> <span class='ocrx_word' id='word_1_150' title='bbox 1734 2303 1880 2381; x_wconf 25' lang='lat' dir='ltr'><strong>‘nec</strong></span> <span class='ocrx_word' id='word_1_151' title='bbox 1906 2279 2177 2347; x_wconf 85' lang='lat' dir='ltr'><strong>virtutis</strong></span> <span class='ocrx_word' id='word_1_152' title='bbox 2208 2275 2505 2347; x_wconf 84' lang='lat' dir='ltr'><strong>studium</strong></span> 
     </span>
    </p>
   </div>
   <div class='ocr_carea' id='block_1_5' title="bbox 337 2461 1398 4104">
    <p class='ocr_par' dir='ltr' id='par_1_5' title="bbox 337 2461 1398 4104">
     <span class='ocr_line' id='line_1_19' title="bbox 359 2461 1389 2535; baseline 0 -21"><span class='ocrx_word' id='word_1_153' title='bbox 359 2461 537 2515; x_wconf 76' lang='lat' dir='ltr'><strong>Phcit.</strong></span> <span class='ocrx_word' id='word_1_154' title='bbox 571 2461 766 2516; x_wconf 63' lang='lat' dir='ltr'><strong>Philon.</strong></span> <span class='ocrx_word' id='word_1_155' title='bbox 793 2463 888 2516; x_wconf 89' lang='grc' dir='ltr'><strong>Το.</strong></span> <span class='ocrx_word' id='word_1_156' title='bbox 907 2461 1024 2514; x_wconf 82' lang='lat' dir='ltr'><strong>xll.</strong></span> <span class='ocrx_word' id='word_1_157' title='bbox 1050 2483 1100 2535; x_wconf 87' lang='lat' dir='ltr'><strong>p.</strong></span> <span class='ocrx_word' id='word_1_158' title='bbox 1125 2461 1220 2528; x_wconf 83' lang='lat'><strong>345</strong></span> <span class='ocrx_word' id='word_1_159' title='bbox 1242 2461 1389 2514; x_wconf 76' lang='lat' dir='ltr'><strong>Eun.</strong></span> 
     </span>
     <span class='ocr_line' id='line_1_20' title="bbox 362 2539 1387 2608; baseline 0.001 -16"><span class='ocrx_word' id='word_1_160' title='bbox 362 2544 402 2592; x_wconf 80' lang='grc' dir='ltr'><strong>οἶ</strong></span> <span class='ocrx_word' id='word_1_161' title='bbox 419 2543 498 2608; x_wconf 68' lang='grc' dir='ltr'><strong>μὶν</strong></span> <span class='ocrx_word' id='word_1_162' title='bbox 513 2542 700 2594; x_wconf 67' lang='grc' dir='ltr'><strong>Στωῗκοὶ</strong></span> <span class='ocrx_word' id='word_1_163' title='bbox 713 2541 909 2608; x_wconf 74' lang='grc' dir='ltr'><strong><em>ἴφασαν,</em></strong></span> <span class='ocrx_word' id='word_1_164' title='bbox 923 2543 1093 2608; x_wconf 74' lang='grc' dir='ltr'>σοφίαν</span> <span class='ocrx_word' id='word_1_165' title='bbox 1109 2539 1224 2594; x_wconf 70' lang='grc' dir='ltr'><strong>εἶναι</strong></span> <span class='ocrx_word' id='word_1_166' title='bbox 1239 2542 1387 2594; x_wconf 63' lang='grc' dir='ltr'><strong><em>θείων</em></strong></span> 
     </span>
     <span class='ocr_line' id='line_1_21' title="bbox 361 2619 1390 2689; baseline -0.005 -15"><span class='ocrx_word' id='word_1_167' title='bbox 361 2621 434 2674; x_wconf 66' lang='grc' dir='ltr'><strong>καὶ</strong></span> <span class='ocrx_word' id='word_1_168' title='bbox 471 2621 771 2689; x_wconf 65' lang='grc' dir='ltr'><strong>ἀνθρωπίνων</strong></span> <span class='ocrx_word' id='word_1_169' title='bbox 820 2621 1098 2686; x_wconf 60' lang='grc' dir='ltr'><strong>ἔπεσι-ἤμην.</strong></span> <span class='ocrx_word' id='word_1_170' title='bbox 1137 2619 1270 2670; x_wconf 72' lang='lat' dir='ltr'><strong>Nota</strong></span> <span class='ocrx_word' id='word_1_171' title='bbox 1316 2630 1390 2669; x_wconf 83' lang='lat' dir='ltr'><strong>est</strong></span> 
     </span>
     <span class='ocr_line' id='line_1_22' title="bbox 360 2695 1392 2750; baseline -0.004 0"><span class='ocrx_word' id='word_1_172' title='bbox 360 2695 723 2750; x_wconf 77' lang='lat' dir='ltr'><strong>haec‘definitio</strong></span> <span class='ocrx_word' id='word_1_173' title='bbox 749 2717 777 2748; x_wconf 82' lang='lat' dir='ltr'><strong>e</strong></span> <span class='ocrx_word' id='word_1_174' title='bbox 806 2695 1052 2748; x_wconf 79' lang='lat' dir='ltr'><strong>Cicerone</strong></span> <span class='ocrx_word' id='word_1_175' title='bbox 1085 2709 1136 2748; x_wconf 86' lang='lat' dir='ltr'><strong>et</strong></span> <span class='ocrx_word' id='word_1_176' title='bbox 1151 2695 1283 2747; x_wconf 82' lang='lat' dir='ltr'><strong>hene</strong></span> <span class='ocrx_word' id='word_1_177' title='bbox 1307 2715 1392 2746; x_wconf 82' lang='lat' dir='ltr'><strong>ex-</strong></span> 
     </span>
     <span class='ocr_line' id='line_1_23' title="bbox 361 2773 1389 2847; baseline -0.002 -21"><span class='ocrx_word' id='word_1_178' title='bbox 361 2773 544 2847; x_wconf 72' lang='lat' dir='ltr'><strong>plicata</strong></span> <span class='ocrx_word' id='word_1_179' title='bbox 561 2775 626 2828; x_wconf 74' lang='lat' dir='ltr'><strong>ah</strong></span> <span class='ocrx_word' id='word_1_180' title='bbox 649 2773 882 2828; x_wconf 86' lang='lat' dir='ltr'><strong>Ernestio</strong></span> <span class='ocrx_word' id='word_1_181' title='bbox 905 2775 960 2826; x_wconf 86' lang='lat' dir='ltr'><strong>in</strong></span> <span class='ocrx_word' id='word_1_182' title='bbox 984 2773 1128 2827; x_wconf 79' lang='lat' dir='ltr'><strong>Clav.</strong></span> <span class='ocrx_word' id='word_1_183' title='bbox 1152 2774 1258 2827; x_wconf 88' lang='lat' dir='ltr'><strong>Cic.</strong></span> <span class='ocrx_word' id='word_1_184' title='bbox 1278 2794 1389 2826; x_wconf 81' lang='lat' dir='ltr'><strong>voc.</strong></span> 
     </span>
     <span class='ocr_line' id='line_1_24' title="bbox 361 2853 1387 2926; baseline -0.002 -18"><span class='ocrx_word' id='word_1_185' title='bbox 361 2855 609 2908; x_wconf 70' lang='lat' dir='ltr'><strong>Divinus.</strong></span> <span class='ocrx_word' id='word_1_186' title='bbox 623 2853 704 2908; x_wconf 76' lang='lat' dir='ltr'><strong>cf.</strong></span> <span class='ocrx_word' id='word_1_187' title='bbox 725 2855 818 2926; x_wconf 89' lang='lat' dir='ltr'><strong>Ep.</strong></span> <span class='ocrx_word' id='word_1_188' title='bbox 841 2853 1020 2906; x_wconf 86' lang='lat' dir='ltr'><strong>Senec.</strong></span> <span class='ocrx_word' id='word_1_189' title='bbox 1037 2855 1104 2924; x_wconf 80' lang='lat'><strong>98</strong></span> <span class='ocrx_word' id='word_1_190' title='bbox 1118 2890 1133 2916; x_wconf 83' lang='lat'>‚</span> <span class='ocrx_word' id='word_1_191' title='bbox 1153 2855 1216 2906; x_wconf 77' lang='lat'><strong>28</strong></span> <span class='ocrx_word' id='word_1_192' title='bbox 1236 2865 1286 2905; x_wconf 88' lang='lat' dir='ltr'><strong>et</strong></span> <span class='ocrx_word' id='word_1_193' title='bbox 1305 2853 1387 2906; x_wconf 83' lang='lat'><strong>30.</strong></span> 
     </span>
     <span class='ocr_line' id='line_1_25' title="bbox 361 2930 1387 3004; baseline -0.002 -20"><span class='ocrx_word' id='word_1_194' title='bbox 361 2933 554 2984; x_wconf 82' lang='lat' dir='ltr'><strong>Rerum</strong></span> <span class='ocrx_word' id='word_1_195' title='bbox 579 2950 883 3004; x_wconf 71' lang='lat' dir='ltr'><strong>cognoscere</strong></span> <span class='ocrx_word' id='word_1_196' title='bbox 907 2951 1078 2984; x_wconf 72' lang='lat' dir='ltr'><strong>causas</strong></span> <span class='ocrx_word' id='word_1_197' title='bbox 1111 2930 1256 3003; x_wconf 74' lang='lat' dir='ltr'><strong>Vin-g.</strong></span> <span class='ocrx_word' id='word_1_198' title='bbox 1290 2930 1387 2984; x_wconf 84' lang='lat' dir='ltr'><strong>Ge.</strong></span> 
     </span>
     <span class='ocr_line' id='line_1_26' title="bbox 362 3007 1388 3084; baseline 0.002 -22"><span class='ocrx_word' id='word_1_199' title='bbox 362 3011 444 3076; x_wconf 88' lang='lat'><strong>11,</strong></span> <span class='ocrx_word' id='word_1_200' title='bbox 474 3011 572 3077; x_wconf 76' lang='lat'><strong>490</strong></span> <span class='ocrx_word' id='word_1_201' title='bbox 603 3009 706 3082; x_wconf 73' lang='lat' dir='ltr'><strong>ism</strong></span> <span class='ocrx_word' id='word_1_202' title='bbox 737 3029 830 3084; x_wconf 91' lang='lat' dir='ltr'><strong>pro</strong></span> <span class='ocrx_word' id='word_1_203' title='bbox 865 3029 1018 3080; x_wconf 83' lang='lat' dir='ltr'><strong>scopo</strong></span> <span class='ocrx_word' id='word_1_204' title='bbox 1054 3007 1388 3083; x_wconf 67' lang='lat' dir='ltr'><strong>philosophia</strong></span> 
     </span>
     <span class='ocr_line' id='line_1_27' title="bbox 363 3087 1387 3160; baseline -0.001 -17"><span class='ocrx_word' id='word_1_205' title='bbox 363 3088 650 3144; x_wconf 76' lang='lat' dir='ltr'><strong>declaravit.</strong></span> <span class='ocrx_word' id='word_1_206' title='bbox 671 3087 888 3142; x_wconf 76' lang='lat' dir='ltr'><strong>Caeteras</strong></span> <span class='ocrx_word' id='word_1_207' title='bbox 906 3087 1245 3154; x_wconf 80' lang='lat' dir='ltr'><strong>definitiones,</strong></span> <span class='ocrx_word' id='word_1_208' title='bbox 1263 3109 1387 3160; x_wconf 79' lang='lat' dir='ltr'><strong>quas</strong></span> 
     </span>
     <span class='ocr_line' id='line_1_28' title="bbox 363 3164 1389 3228; baseline 0.002 -12"><span class='ocrx_word' id='word_1_209' title='bbox 363 3178 532 3218; x_wconf 83' lang='lat' dir='ltr'><strong>noster</strong></span> <span class='ocrx_word' id='word_1_210' title='bbox 555 3167 729 3228; x_wconf 79' lang='lat' dir='ltr'><strong>affert,</strong></span> <span class='ocrx_word' id='word_1_211' title='bbox 767 3185 872 3220; x_wconf 84' lang='lat' dir='ltr'><strong>esse</strong></span> <span class='ocrx_word' id='word_1_212' title='bbox 897 3165 1078 3218; x_wconf 79' lang='lat' dir='ltr'><strong>stoicas</strong></span> <span class='ocrx_word' id='word_1_213' title='bbox 1101 3164 1389 3218; x_wconf 80' lang='lat' dir='ltr'><strong>observavit</strong></span> 
     </span>
     <span class='ocr_line' id='line_1_29' title="bbox 363 3242 1320 3310; baseline -0.004 -14"><span class='ocrx_word' id='word_1_214' title='bbox 363 3243 517 3296; x_wconf 72' lang='lat' dir='ltr'><strong>etiam</strong></span> <span class='ocrx_word' id='word_1_215' title='bbox 539 3242 738 3310; x_wconf 76' lang='lat' dir='ltr'><strong>Lipsius</strong></span> <span class='ocrx_word' id='word_1_216' title='bbox 759 3243 818 3296; x_wconf 86' lang='lat' dir='ltr'><strong>in</strong></span> <span class='ocrx_word' id='word_1_217' title='bbox 835 3243 1048 3296; x_wconf 79' lang='lat' dir='ltr'><strong>Manud.</strong></span> <span class='ocrx_word' id='word_1_218' title='bbox 1068 3244 1150 3308; x_wconf 91' lang='lat'><strong>11,</strong></span> <span class='ocrx_word' id='word_1_219' title='bbox 1183 3263 1228 3296; x_wconf 69' lang='grc' dir='ltr'><strong>α.</strong></span> <span class='ocrx_word' id='word_1_220' title='bbox 1251 3244 1320 3294; x_wconf 84' lang='lat' dir='ltr'><strong>R.</strong></span> 
     </span>
     <span class='ocr_line' id='line_1_30' title="bbox 437 3323 1389 3378; baseline 0 -2"><span class='ocrx_word' id='word_1_221' title='bbox 437 3345 478 3376; x_wconf 79' lang='grc' dir='ltr'><strong>ι.</strong></span> <span class='ocrx_word' id='word_1_222' title='bbox 511 3325 773 3378; x_wconf 74' lang='lat' dir='ltr'><strong>Constitit.</strong></span> <span class='ocrx_word' id='word_1_223' title='bbox 800 3323 872 3378; x_wconf 81' lang='lat' dir='ltr'><strong>R.</strong></span> <span class='ocrx_word' id='word_1_224' title='bbox 898 3326 970 3377; x_wconf 82' lang='lat' dir='ltr'><strong>A.</strong></span> <span class='ocrx_word' id='word_1_225' title='bbox 1003 3343 1043 3375; x_wconf 86' lang='lat' dir='ltr'><strong>c.</strong></span> <span class='ocrx_word' id='word_1_226' title='bbox 1071 3325 1212 3378; x_wconf 85' lang='lat' dir='ltr'><strong>Piuc.</strong></span> <span class='ocrx_word' id='word_1_227' title='bbox 1237 3323 1389 3378; x_wconf 85' lang='lat' dir='ltr'><strong>Grut.</strong></span> 
     </span>
     <span class='ocr_line' id='line_1_31' title="bbox 365 3401 1275 3474; baseline 0.001 -20"><span class='ocrx_word' id='word_1_228' title='bbox 365 3401 542 3474; x_wconf 79' lang='lat' dir='ltr'><strong>Vulgo</strong></span> <span class='ocrx_word' id='word_1_229' title='bbox 565 3413 757 3456; x_wconf 70' lang='lat' dir='ltr'><strong>constet</strong></span> <span class='ocrx_word' id='word_1_230' title='bbox 773 3403 836 3456; x_wconf 81' lang='lat' dir='ltr'><strong>ab</strong></span> <span class='ocrx_word' id='word_1_231' title='bbox 860 3404 1090 3456; x_wconf 80' lang='lat' dir='ltr'><strong>Erasmo.</strong></span> <span class='ocrx_word' id='word_1_232' title='bbox 1113 3403 1275 3458; x_wconf 69' lang='lat' dir='ltr'><strong>Schw.</strong></span> 
     </span>
     <span class='ocr_line' id='line_1_32' title="bbox 433 3481 1393 3556; baseline 0.004 -22"><span class='ocrx_word' id='word_1_233' title='bbox 433 3503 476 3534; x_wconf 80' lang='lat'><strong>2.</strong></span> <span class='ocrx_word' id='word_1_234' title='bbox 510 3481 740 3550; x_wconf 65' lang='lat' dir='ltr'><strong>Togata.</strong></span> <span class='ocrx_word' id='word_1_235' title='bbox 765 3482 976 3538; x_wconf 75' lang='lat' dir='ltr'><strong>Fabulae</strong></span> <span class='ocrx_word' id='word_1_236' title='bbox 999 3484 1254 3548; x_wconf 82' lang='lat' dir='ltr'><strong>dicuntur,</strong></span> <span class='ocrx_word' id='word_1_237' title='bbox 1277 3503 1393 3556; x_wconf 78' lang='lat' dir='ltr'><strong>quae</strong></span> 
     </span>
     <span class='ocr_line' id='line_1_33' title="bbox 347 3561 1391 3634; baseline 0.005 -20"><span class='ocrx_word' id='word_1_238' title='bbox 347 3561 558 3634; x_wconf 71' lang='lat' dir='ltr'><strong>‘scriptae</strong></span> <span class='ocrx_word' id='word_1_239' title='bbox 571 3575 688 3614; x_wconf 86' lang='lat' dir='ltr'><strong>suut</strong></span> <span class='ocrx_word' id='word_1_240' title='bbox 700 3563 975 3618; x_wconf 84' lang='lat' dir='ltr'><strong>secundum</strong></span> <span class='ocrx_word' id='word_1_241' title='bbox 989 3565 1112 3618; x_wconf 84' lang='lat' dir='ltr'><strong>ritus</strong></span> <span class='ocrx_word' id='word_1_242' title='bbox 1128 3577 1178 3616; x_wconf 90' lang='lat' dir='ltr'><strong>et</strong></span> <span class='ocrx_word' id='word_1_243' title='bbox 1186 3564 1391 3619; x_wconf 79' lang='lat' dir='ltr'><strong>habitus</strong></span> 
     </span>
     <span class='ocr_line' id='line_1_34' title="bbox 365 3640 1391 3716; baseline 0.004 -24"><span class='ocrx_word' id='word_1_244' title='bbox 365 3640 632 3694; x_wconf 85' lang='lat' dir='ltr'><strong>hominum</strong></span> <span class='ocrx_word' id='word_1_245' title='bbox 649 3654 956 3716; x_wconf 78' lang='lat' dir='ltr'><strong>togatorum,</strong></span> <span class='ocrx_word' id='word_1_246' title='bbox 969 3643 1024 3697; x_wconf 88' lang='lat' dir='ltr'><strong>id</strong></span> <span class='ocrx_word' id='word_1_247' title='bbox 1033 3655 1123 3710; x_wconf 77' lang='lat' dir='ltr'><strong>est,</strong></span> <span class='ocrx_word' id='word_1_248' title='bbox 1141 3643 1391 3696; x_wconf 69' lang='lat' dir='ltr'><strong>Romano·</strong></span> 
     </span>
     <span class='ocr_line' id='line_1_35' title="bbox 369 3721 1393 3792; baseline 0.004 -22"><span class='ocrx_word' id='word_1_249' title='bbox 369 3738 476 3770; x_wconf 84' lang='lat' dir='ltr'><strong>mm</strong></span> <span class='ocrx_word' id='word_1_250' title='bbox 497 3738 510 3772; x_wconf 73' lang='grc' dir='ltr'>ς</span> <span class='ocrx_word' id='word_1_251' title='bbox 526 3731 644 3791; x_wconf 75' lang='lat' dir='ltr'><strong>toga</strong></span> <span class='ocrx_word' id='word_1_252' title='bbox 659 3739 876 3792; x_wconf 76' lang='lat' dir='ltr'><strong>namque</strong></span> <span class='ocrx_word' id='word_1_253' title='bbox 892 3722 1128 3776; x_wconf 81' lang='lat' dir='ltr'><strong>Romana</strong></span> <span class='ocrx_word' id='word_1_254' title='bbox 1145 3735 1240 3776; x_wconf 86' lang='lat' dir='ltr'><strong>est:</strong></span> <span class='ocrx_word' id='word_1_255' title='bbox 1261 3721 1393 3774; x_wconf 82' lang='lat' dir='ltr'><strong>sicut</strong></span> 
     </span>
     <span class='ocr_line' id='line_1_36' title="bbox 337 3799 1393 3872; baseline 0.003 -23"><span class='ocrx_word' id='word_1_256' title='bbox 337 3817 350 3823; x_wconf 86' lang='lat'><strong>·</strong></span> <span class='ocrx_word' id='word_1_257' title='bbox 368 3817 554 3868; x_wconf 77' lang='lat' dir='ltr'><strong>graecas</strong></span> <span class='ocrx_word' id='word_1_258' title='bbox 569 3799 762 3854; x_wconf 73' lang='lat' dir='ltr'><strong>fabulas</strong></span> <span class='ocrx_word' id='word_1_259' title='bbox 779 3839 794 3867; x_wconf 90' lang='lat'>,</span> <span class='ocrx_word' id='word_1_260' title='bbox 813 3799 878 3853; x_wconf 77' lang='lat' dir='ltr'><strong>ab</strong></span> <span class='ocrx_word' id='word_1_261' title='bbox 893 3799 1070 3854; x_wconf 76' lang='lat' dir='ltr'><strong>habitu</strong></span> <span class='ocrx_word' id='word_1_262' title='bbox 1090 3819 1260 3870; x_wconf 79' lang='lat' dir='ltr'><strong>oeque,</strong></span> <span class='ocrx_word' id='word_1_263' title='bbox 1287 3799 1393 3872; x_wconf 72' lang='lat' dir='ltr'><strong>pnl-</strong></span> 
     </span>
     <span class='ocr_line' id='line_1_37' title="bbox 369 3874 1393 3948; baseline 0.006 -22"><span class='ocrx_word' id='word_1_264' title='bbox 369 3874 512 3927; x_wconf 75' lang='lat' dir='ltr'><strong>liatas</strong></span> <span class='ocrx_word' id='word_1_265' title='bbox 536 3877 696 3930; x_wconf 71' lang='lat' dir='ltr'><strong>Varro</strong></span> <span class='ocrx_word' id='word_1_266' title='bbox 724 3878 794 3930; x_wconf 72' lang='lat' dir='ltr'><strong>nit</strong></span> <span class='ocrx_word' id='word_1_267' title='bbox 826 3877 1113 3941; x_wconf 79' lang='lat' dir='ltr'><strong>nominari,</strong></span> <span class='ocrx_word' id='word_1_268' title='bbox 1139 3878 1258 3948; x_wconf 72' lang='lat' dir='ltr'><strong>quis</strong></span> <span class='ocrx_word' id='word_1_269' title='bbox 1283 3879 1393 3948; x_wconf 78' lang='lat' dir='ltr'><strong>pal·</strong></span> 
     </span>
     <span class='ocr_line' id='line_1_38' title="bbox 371 3951 1397 4021; baseline 0.007 -18"><span class='ocrx_word' id='word_1_270' title='bbox 371 3951 496 4004; x_wconf 85' lang='lat' dir='ltr'><strong>lium</strong></span> <span class='ocrx_word' id='word_1_271' title='bbox 534 3953 834 4010; x_wconf 74' lang='lat' dir='ltr'><strong>Graecorum</strong></span> <span class='ocrx_word' id='word_1_272' title='bbox 873 3970 993 4010; x_wconf 79' lang='lat' dir='ltr'><strong>erat.</strong></span> <span class='ocrx_word' id='word_1_273' title='bbox 1033 3956 1305 4021; x_wconf 87' lang='lat' dir='ltr'><strong>(Diomed.</strong></span> <span class='ocrx_word' id='word_1_274' title='bbox 1330 3957 1397 4010; x_wconf 87' lang='lat' dir='ltr'><strong>de</strong></span> 
     </span>
     <span class='ocr_line' id='line_1_39' title="bbox 373 4033 1398 4104; baseline 0.004 -22"><span class='ocrx_word' id='word_1_275' title='bbox 373 4034 494 4084; x_wconf 78' lang='lat' dir='ltr'><strong>Arte</strong></span> <span class='ocrx_word' id='word_1_276' title='bbox 519 4033 798 4086; x_wconf 64' lang='lat' dir='ltr'><strong>Gramma.</strong></span> <span class='ocrx_word' id='word_1_277' title='bbox 829 4034 913 4088; x_wconf 86' lang='lat' dir='ltr'><strong>lib.</strong></span> <span class='ocrx_word' id='word_1_278' title='bbox 950 4035 1006 4095; x_wconf 82' lang='grc'><strong>3,</strong></span> <span class='ocrx_word' id='word_1_279' title='bbox 1048 4055 1094 4104; x_wconf 87' lang='lat' dir='ltr'><strong>p.</strong></span> <span class='ocrx_word' id='word_1_280' title='bbox 1116 4035 1238 4100; x_wconf 55' lang='lat'><strong>48&amp;</strong></span> <span class='ocrx_word' id='word_1_281' title='bbox 1267 4035 1398 4087; x_wconf 84' lang='lat' dir='ltr'><strong>inter</strong></span> 
     </span>
    </p>
   </div>
   <div class='ocr_carea' id='block_1_6' title="bbox 1487 2461 2512 2619">
    <p class='ocr_par' dir='ltr' id='par_1_6' title="bbox 1487 2461 2512 2619">
     <span class='ocr_line' id='line_1_40' title="bbox 1488 2461 2511 2535; baseline 0.004 -21"><span class='ocrx_word' id='word_1_282' title='bbox 1488 2461 1771 2516; x_wconf 74' lang='lat' dir='ltr'><strong>Grammat.</strong></span> <span class='ocrx_word' id='word_1_283' title='bbox 1792 2466 1901 2517; x_wconf 79' lang='lat' dir='ltr'><strong>Lat.</strong></span> <span class='ocrx_word' id='word_1_284' title='bbox 1929 2467 2072 2518; x_wconf 80' lang='lat' dir='ltr'><strong>Auct-</strong></span> <span class='ocrx_word' id='word_1_285' title='bbox 2092 2464 2250 2535; x_wconf 68' lang='lat' dir='ltr'><strong>antiq.</strong></span> <span class='ocrx_word' id='word_1_286' title='bbox 2268 2464 2387 2520; x_wconf 84' lang='lat' dir='ltr'><strong>edit.</strong></span> <span class='ocrx_word' id='word_1_287' title='bbox 2407 2465 2511 2518; x_wconf 74' lang='lat' dir='ltr'><strong>Hs·</strong></span> 
     </span>
     <span class='ocr_line' id='line_1_41' title="bbox 1487 2539 2512 2619; baseline 0.002 -27"><span class='ocrx_word' id='word_1_288' title='bbox 1487 2557 1605 2594; x_wconf 74' lang='lat' dir='ltr'><strong>nov.</strong></span> <span class='ocrx_word' id='word_1_289' title='bbox 1638 2541 1802 2608; x_wconf 78' lang='lat'><strong>1605).</strong></span> <span class='ocrx_word' id='word_1_290' title='bbox 1828 2539 2036 2596; x_wconf 85' lang='lat' dir='ltr'><strong>Confer.</strong></span> <span class='ocrx_word' id='word_1_291' title='bbox 2062 2553 2113 2596; x_wconf 87' lang='lat' dir='ltr'><strong>et</strong></span> <span class='ocrx_word' id='word_1_292' title='bbox 2131 2543 2267 2596; x_wconf 84' lang='lat' dir='ltr'><strong>Fest.</strong></span> <span class='ocrx_word' id='word_1_293' title='bbox 2294 2540 2361 2594; x_wconf 87' lang='lat' dir='ltr'><strong>de</strong></span> <span class='ocrx_word' id='word_1_294' title='bbox 2386 2563 2512 2619; x_wconf 55' lang='lat' dir='ltr'><strong>ver-5</strong></span> 
     </span>
    </p>
   </div>
   <div class='ocr_carea' id='block_1_7' title="bbox 1484 2621 2519 4108">
    <p class='ocr_par' dir='ltr' id='par_1_7' title="bbox 1486 2621 2513 2771">
     <span class='ocr_line' id='line_1_42' title="bbox 1486 2621 2513 2696; baseline 0.002 -22"><span class='ocrx_word' id='word_1_295' title='bbox 1486 2621 1597 2676; x_wconf 87' lang='lat' dir='ltr'><strong>hor.</strong></span> <span class='ocrx_word' id='word_1_296' title='bbox 1616 2622 1791 2696; x_wconf 78' lang='lat' dir='ltr'><strong>signif.</strong></span> <span class='ocrx_word' id='word_1_297' title='bbox 1816 2643 1942 2677; x_wconf 85' lang='lat' dir='ltr'><strong>voce</strong></span> <span class='ocrx_word' id='word_1_298' title='bbox 1972 2623 2297 2693; x_wconf 65' lang='lat' dir='ltr'><strong>Togatae-um</strong></span> <span class='ocrx_word' id='word_1_299' title='bbox 2315 2623 2409 2678; x_wconf 80' lang='lat' dir='ltr'><strong>lih-</strong></span> <span class='ocrx_word' id='word_1_300' title='bbox 2439 2624 2513 2676; x_wconf 76' lang='lat'><strong>18.</strong></span> 
     </span>
     <span class='ocr_line' id='line_1_43' title="bbox 1488 2699 2059 2771; baseline 0.004 -19"><span class='ocrx_word' id='word_1_301' title='bbox 1488 2699 1559 2766; x_wconf 88' lang='grc' dir='ltr'><strong>(Ε</strong></span> <span class='ocrx_word' id='word_1_302' title='bbox 1580 2701 1719 2754; x_wconf 84' lang='lat' dir='ltr'><strong>notis</strong></span> <span class='ocrx_word' id='word_1_303' title='bbox 1736 2699 2059 2771; x_wconf 62' lang='lat' dir='ltr'><strong>Lege-ange.)</strong></span> 
     </span>
    </p>

    <p class='ocr_par' dir='ltr' id='par_1_8' title="bbox 1484 2777 2519 4024">
     <span class='ocr_line' id='line_1_44' title="bbox 1552 2777 2515 2834; baseline 0.006 -5"><span class='ocrx_word' id='word_1_304' title='bbox 1552 2777 1601 2831; x_wconf 87' lang='lat'><strong>3.</strong></span> <span class='ocrx_word' id='word_1_305' title='bbox 1628 2779 1911 2834; x_wconf 73' lang='lat' dir='ltr'><strong>Dossenni.</strong></span> <span class='ocrx_word' id='word_1_306' title='bbox 1928 2779 2049 2833; x_wconf 77' lang='lat' dir='ltr'><strong>Fuit</strong></span> <span class='ocrx_word' id='word_1_307' title='bbox 2070 2778 2256 2834; x_wconf 80' lang='lat' dir='ltr'><strong>Fabius</strong></span> <span class='ocrx_word' id='word_1_308' title='bbox 2270 2781 2515 2834; x_wconf 76' lang='lat' dir='ltr'><strong>Dossen-</strong></span> 
     </span>
     <span class='ocr_line' id='line_1_45' title="bbox 1487 2857 2513 2914; baseline 0.004 -6"><span class='ocrx_word' id='word_1_309' title='bbox 1487 2875 1583 2908; x_wconf 86' lang='lat' dir='ltr'><strong>nus</strong></span> <span class='ocrx_word' id='word_1_310' title='bbox 1620 2870 1794 2909; x_wconf 69' lang='lat' dir='ltr'><strong>auctor</strong></span> <span class='ocrx_word' id='word_1_311' title='bbox 1827 2857 1947 2910; x_wconf 77' lang='lat' dir='ltr'><strong>satis</strong></span> <span class='ocrx_word' id='word_1_312' title='bbox 1990 2857 2189 2912; x_wconf 86' lang='lat' dir='ltr'><strong>celeber</strong></span> <span class='ocrx_word' id='word_1_313' title='bbox 2224 2857 2513 2914; x_wconf 72' lang='lat' dir='ltr'><strong>sahulsrum</strong></span> 
     </span>
     <span class='ocr_line' id='line_1_46' title="bbox 1487 2935 2515 3006; baseline 0.005 -21"><span class='ocrx_word' id='word_1_314' title='bbox 1487 2945 1799 3006; x_wconf 70' lang='lat' dir='ltr'><strong>togatarum,</strong></span> <span class='ocrx_word' id='word_1_315' title='bbox 1819 2935 1877 2988; x_wconf 89' lang='lat' dir='ltr'><strong>in</strong></span> <span class='ocrx_word' id='word_1_316' title='bbox 1894 2935 2078 3006; x_wconf 84' lang='lat' dir='ltr'><strong>quibus</strong></span> <span class='ocrx_word' id='word_1_317' title='bbox 2098 2957 2265 2990; x_wconf 85' lang='lat' dir='ltr'><strong>mores</strong></span> <span class='ocrx_word' id='word_1_318' title='bbox 2284 2939 2515 2990; x_wconf 70' lang='lat' dir='ltr'><strong>vestinis-</strong></span> 
     </span>
     <span class='ocr_line' id='line_1_47' title="bbox 1486 3014 2514 3083; baseline 0.001 -18"><span class='ocrx_word' id='word_1_319' title='bbox 1486 3033 1585 3083; x_wconf 79' lang='lat' dir='ltr'><strong>que</strong></span> <span class='ocrx_word' id='word_1_320' title='bbox 1606 3014 1811 3067; x_wconf 71' lang='lat' dir='ltr'><strong>romani</strong></span> <span class='ocrx_word' id='word_1_321' title='bbox 1834 3027 1994 3068; x_wconf 73' lang='lat' dir='ltr'><strong>erant.</strong></span> <span class='ocrx_word' id='word_1_322' title='bbox 2015 3015 2215 3068; x_wconf 77' lang='lat' dir='ltr'><strong>Laudat</strong></span> <span class='ocrx_word' id='word_1_323' title='bbox 2234 3035 2355 3070; x_wconf 85' lang='lat' dir='ltr'><strong>enm</strong></span> <span class='ocrx_word' id='word_1_324' title='bbox 2376 3014 2514 3068; x_wconf 85' lang='lat' dir='ltr'><strong>Plin.</strong></span> 
     </span>
     <span class='ocr_line' id='line_1_48' title="bbox 1486 3091 2516 3166; baseline 0 -24"><span class='ocrx_word' id='word_1_325' title='bbox 1486 3091 1555 3142; x_wconf 86' lang='lat' dir='ltr'><strong>N.</strong></span> <span class='ocrx_word' id='word_1_326' title='bbox 1578 3091 1645 3144; x_wconf 76' lang='grc' dir='ltr'><strong>Η.</strong></span> <span class='ocrx_word' id='word_1_327' title='bbox 1670 3091 1813 3157; x_wconf 79' lang='lat' dir='ltr'>XIV,</span> <span class='ocrx_word' id='word_1_328' title='bbox 1842 3096 1903 3148; x_wconf 81' lang='lat'><strong>15</strong></span> <span class='ocrx_word' id='word_1_329' title='bbox 1917 3092 2022 3166; x_wconf 74' lang='lat' dir='ltr'><strong>bip.</strong></span> <span class='ocrx_word' id='word_1_330' title='bbox 2042 3111 2139 3146; x_wconf 88' lang='lat' dir='ltr'><strong>nec</strong></span> <span class='ocrx_word' id='word_1_331' title='bbox 2155 3091 2357 3146; x_wconf 69' lang='lat' dir='ltr'><strong>Fabric-</strong></span> <span class='ocrx_word' id='word_1_332' title='bbox 2374 3092 2516 3146; x_wconf 76' lang='lat' dir='ltr'><strong>Bibl-</strong></span> 
     </span>
     <span class='ocr_line' id='line_1_49' title="bbox 1484 3169 2515 3243; baseline 0.004 -21"><span class='ocrx_word' id='word_1_333' title='bbox 1484 3170 1595 3222; x_wconf 75' lang='lat' dir='ltr'><strong>Lat.</strong></span> <span class='ocrx_word' id='word_1_334' title='bbox 1618 3169 1739 3223; x_wconf 84' lang='lat' dir='ltr'><strong>vol.</strong></span> <span class='ocrx_word' id='word_1_335' title='bbox 1760 3171 1865 3237; x_wconf 84' lang='lat'>111,</span> <span class='ocrx_word' id='word_1_336' title='bbox 1890 3193 1941 3243; x_wconf 89' lang='lat' dir='ltr'><strong>p.</strong></span> <span class='ocrx_word' id='word_1_337' title='bbox 1970 3171 2089 3240; x_wconf 79' lang='lat'><strong>238,</strong></span> <span class='ocrx_word' id='word_1_338' title='bbox 2110 3171 2225 3236; x_wconf 66' lang='lat'><strong>240,</strong></span> <span class='ocrx_word' id='word_1_339' title='bbox 2246 3171 2515 3226; x_wconf 69' lang='lat' dir='ltr'><strong>nominare</strong></span> 
     </span>
     <span class='ocr_line' id='line_1_50' title="bbox 1488 3248 2516 3304; baseline -0.001 -2"><span class='ocrx_word' id='word_1_340' title='bbox 1488 3248 1679 3302; x_wconf 85' lang='lat' dir='ltr'><strong>eumin</strong></span> <span class='ocrx_word' id='word_1_341' title='bbox 1695 3248 1921 3302; x_wconf 75' lang='lat' dir='ltr'><strong>Cornicis</strong></span> <span class='ocrx_word' id='word_1_342' title='bbox 1942 3261 2060 3302; x_wconf 81' lang='lat' dir='ltr'><strong>vett.</strong></span> <span class='ocrx_word' id='word_1_343' title='bbox 2073 3249 2157 3303; x_wconf 71' lang='lat' dir='ltr'><strong>let.</strong></span> <span class='ocrx_word' id='word_1_344' title='bbox 2170 3249 2359 3304; x_wconf 87' lang='lat' dir='ltr'><strong>omisit.</strong></span> <span class='ocrx_word' id='word_1_345' title='bbox 2374 3249 2516 3301; x_wconf 81' lang='lat' dir='ltr'><strong>R.—</strong></span> 
     </span>
     <span class='ocr_line' id='line_1_51' title="bbox 1486 3325 2519 3400; baseline 0.002 -22"><span class='ocrx_word' id='word_1_346' title='bbox 1486 3325 1672 3380; x_wconf 84' lang='lat' dir='ltr'><strong>Eidem</strong></span> <span class='ocrx_word' id='word_1_347' title='bbox 1700 3327 1970 3380; x_wconf 75' lang='lat' dir='ltr'><strong>Dossenno</strong></span> <span class='ocrx_word' id='word_1_348' title='bbox 1992 3327 2232 3382; x_wconf 76' lang='lat' dir='ltr'><strong>Horatius</strong></span> <span class='ocrx_word' id='word_1_349' title='bbox 2252 3327 2519 3400; x_wconf 69' lang='lat' dir='ltr'><strong>exprobrat</strong></span> 
     </span>
     <span class='ocr_line' id='line_1_52' title="bbox 1487 3408 2518 3484; baseline 0.002 -23"><span class='ocrx_word' id='word_1_350' title='bbox 1487 3408 1625 3479; x_wconf 87' lang='lat' dir='ltr'><strong>quod</strong></span> <span class='ocrx_word' id='word_1_351' title='bbox 1652 3409 1975 3484; x_wconf 77' lang='lat' dir='ltr'><strong>negligenter</strong></span> <span class='ocrx_word' id='word_1_352' title='bbox 1996 3409 2193 3464; x_wconf 77' lang='lat' dir='ltr'><strong>fabulas</strong></span> <span class='ocrx_word' id='word_1_353' title='bbox 2220 3409 2439 3476; x_wconf 72' lang='lat' dir='ltr'><strong>scribut,</strong></span> <span class='ocrx_word' id='word_1_354' title='bbox 2467 3423 2518 3463; x_wconf 81' lang='lat' dir='ltr'><strong>et</strong></span> 
     </span>
     <span class='ocr_line' id='line_1_53' title="bbox 1488 3485 2517 3561; baseline 0.003 -24"><span class='ocrx_word' id='word_1_355' title='bbox 1488 3485 1622 3539; x_wconf 83' lang='lat' dir='ltr'><strong>nihil</strong></span> <span class='ocrx_word' id='word_1_356' title='bbox 1632 3486 1773 3541; x_wconf 71' lang='lat' dir='ltr'><strong>eliud</strong></span> <span class='ocrx_word' id='word_1_357' title='bbox 1784 3507 1939 3560; x_wconf 73' lang='lat' dir='ltr'><strong>quam</strong></span> <span class='ocrx_word' id='word_1_358' title='bbox 1946 3488 2145 3542; x_wconf 86' lang='lat' dir='ltr'><strong>lucrum</strong></span> <span class='ocrx_word' id='word_1_359' title='bbox 2158 3507 2217 3541; x_wconf 82' lang='lat' dir='ltr'><strong>ex</strong></span> <span class='ocrx_word' id='word_1_360' title='bbox 2227 3487 2329 3540; x_wconf 79' lang='lat' dir='ltr'><strong>illis</strong></span> <span class='ocrx_word' id='word_1_361' title='bbox 2342 3500 2517 3561; x_wconf 78' lang='lat' dir='ltr'><strong>captet:</strong></span> 
     </span>
     <span class='ocr_line' id='line_1_54' title="bbox 1489 3563 2519 3638; baseline 0.004 -23"><span class='ocrx_word' id='word_1_362' title='bbox 1489 3563 1649 3637; x_wconf 85' lang='lat' dir='ltr'><strong>Epist.</strong></span> <span class='ocrx_word' id='word_1_363' title='bbox 1666 3582 1703 3617; x_wconf 92' lang='lat'><strong>1.</strong></span> <span class='ocrx_word' id='word_1_364' title='bbox 1718 3564 1807 3618; x_wconf 87' lang='lat' dir='ltr'><strong>lib.</strong></span> <span class='ocrx_word' id='word_1_365' title='bbox 1828 3567 1895 3618; x_wconf 89' lang='lat'><strong>11.</strong></span> <span class='ocrx_word' id='word_1_366' title='bbox 1915 3588 1964 3620; x_wconf 81' lang='lat' dir='ltr'><strong>v.</strong></span> <span class='ocrx_word' id='word_1_367' title='bbox 1988 3567 2083 3636; x_wconf 80' lang='lat'><strong>¹73</strong></span> <span class='ocrx_word' id='word_1_368' title='bbox 2102 3579 2152 3620; x_wconf 83' lang='lat' dir='ltr'><strong>et</strong></span> <span class='ocrx_word' id='word_1_369' title='bbox 2169 3585 2279 3638; x_wconf 81' lang='lat' dir='ltr'><strong>sqq.</strong></span> <span class='ocrx_word' id='word_1_370' title='bbox 2298 3565 2519 3634; x_wconf 75' lang='lat' dir='ltr'><strong>«Quan-</strong></span> 
     </span>
     <span class='ocr_line' id='line_1_55' title="bbox 1490 3643 2519 3717; baseline 0.003 -22"><span class='ocrx_word' id='word_1_371' title='bbox 1490 3656 1569 3696; x_wconf 86' lang='lat' dir='ltr'><strong>tus</strong></span> <span class='ocrx_word' id='word_1_372' title='bbox 1598 3643 1664 3695; x_wconf 85' lang='lat' dir='ltr'><strong>sit</strong></span> <span class='ocrx_word' id='word_1_373' title='bbox 1695 3644 1995 3698; x_wconf 72' lang='lat' dir='ltr'><strong>Dossennus</strong></span> <span class='ocrx_word' id='word_1_374' title='bbox 2028 3643 2261 3698; x_wconf 74' lang='lat' dir='ltr'><strong>edacibus</strong></span> <span class='ocrx_word' id='word_1_375' title='bbox 2278 3645 2339 3698; x_wconf 84' lang='lat' dir='ltr'><strong>in</strong></span> <span class='ocrx_word' id='word_1_376' title='bbox 2360 3664 2519 3717; x_wconf 75' lang='lat' dir='ltr'><strong>pars-</strong></span> 
     </span>
     <span class='ocr_line' id='line_1_56' title="bbox 1490 3721 2517 3796; baseline 0.001 -22"><span class='ocrx_word' id='word_1_377' title='bbox 1490 3721 1631 3784; x_wconf 83' lang='lat' dir='ltr'><strong>sitis;</strong></span> <span class='ocrx_word' id='word_1_378' title='bbox 1659 3721 1830 3790; x_wconf 80' lang='lat' dir='ltr'><strong>Quam</strong></span> <span class='ocrx_word' id='word_1_379' title='bbox 1858 3742 1965 3778; x_wconf 82' lang='lat' dir='ltr'><strong>non</strong></span> <span class='ocrx_word' id='word_1_380' title='bbox 1993 3723 2233 3777; x_wconf 67' lang='lat' dir='ltr'><strong>adstricto</strong></span> <span class='ocrx_word' id='word_1_381' title='bbox 2260 3734 2517 3796; x_wconf 67' lang='lat' dir='ltr'><strong>percurrat</strong></span> 
     </span>
     <span class='ocr_line' id='line_1_57' title="bbox 1492 3799 2513 3874; baseline 0 -22"><span class='ocrx_word' id='word_1_382' title='bbox 1492 3799 1683 3874; x_wconf 70' lang='lat' dir='ltr'><strong>pulpita</strong></span> <span class='ocrx_word' id='word_1_383' title='bbox 1701 3821 1848 3854; x_wconf 89' lang='lat' dir='ltr'><strong>socco</strong></span> <span class='ocrx_word' id='word_1_384' title='bbox 1866 3824 1881 3866; x_wconf 90' lang='lat'><strong>;</strong></span> <span class='ocrx_word' id='word_1_385' title='bbox 1904 3803 2071 3856; x_wconf 84' lang='lat' dir='ltr'><strong>Gestit</strong></span> <span class='ocrx_word' id='word_1_386' title='bbox 2084 3801 2223 3856; x_wconf 83' lang='lat' dir='ltr'><strong>enim</strong></span> <span class='ocrx_word' id='word_1_387' title='bbox 2240 3821 2513 3855; x_wconf 80' lang='lat' dir='ltr'><strong>nummum</strong></span> 
     </span>
     <span class='ocr_line' id='line_1_58' title="bbox 1496 3877 2515 3954; baseline 0.001 -24"><span class='ocrx_word' id='word_1_388' title='bbox 1496 3877 1549 3930; x_wconf 83' lang='lat' dir='ltr'><strong>in</strong></span> <span class='ocrx_word' id='word_1_389' title='bbox 1576 3877 1765 3932; x_wconf 84' lang='lat' dir='ltr'><strong>loculos</strong></span> <span class='ocrx_word' id='word_1_390' title='bbox 1792 3879 2079 3948; x_wconf 82' lang='lat' dir='ltr'><strong>demittere,</strong></span> <span class='ocrx_word' id='word_1_391' title='bbox 2106 3893 2219 3954; x_wconf 86' lang='lat' dir='ltr'><strong>post</strong></span> <span class='ocrx_word' id='word_1_392' title='bbox 2241 3879 2337 3934; x_wconf 86' lang='lat' dir='ltr'><strong>hoc</strong></span> <span class='ocrx_word' id='word_1_393' title='bbox 2362 3879 2515 3931; x_wconf 85' lang='lat' dir='ltr'><strong>Secu-</strong></span> 
     </span>
     <span class='ocr_line' id='line_1_59' title="bbox 1494 3957 2515 4024; baseline -0.001 -13"><span class='ocrx_word' id='word_1_394' title='bbox 1494 3977 1579 4011; x_wconf 81' lang='lat' dir='ltr'><strong>rus</strong></span> <span class='ocrx_word' id='word_1_395' title='bbox 1605 3957 1778 4024; x_wconf 70' lang='lat' dir='ltr'><strong>cadat,</strong></span> <span class='ocrx_word' id='word_1_396' title='bbox 1805 3979 1875 4013; x_wconf 76' lang='lat' dir='ltr'><strong>an</strong></span> <span class='ocrx_word' id='word_1_397' title='bbox 1898 3973 2033 4014; x_wconf 82' lang='lat' dir='ltr'><strong>recto</strong></span> <span class='ocrx_word' id='word_1_398' title='bbox 2052 3973 2147 4013; x_wconf 81' lang='lat' dir='ltr'><strong>stet</strong></span> <span class='ocrx_word' id='word_1_399' title='bbox 2165 3959 2336 4012; x_wconf 74' lang='lat' dir='ltr'><strong>rabah</strong></span> <span class='ocrx_word' id='word_1_400' title='bbox 2362 3958 2515 4012; x_wconf 69' lang='lat' dir='ltr'><strong>talo.»</strong></span> 
     </span>
    </p>

    <p class='ocr_par' dir='ltr' id='par_1_9' title="bbox 1562 4036 2519 4108">
     <span class='ocr_line' id='line_1_60' title="bbox 1562 4036 2519 4108; baseline 0.005 -24"><span class='ocrx_word' id='word_1_401' title='bbox 1562 4037 1608 4101; x_wconf 67' lang='lat'><strong>4.</strong></span> <span class='ocrx_word' id='word_1_402' title='bbox 1632 4036 1737 4089; x_wconf 83' lang='lat' dir='ltr'><strong>Nec</strong></span> <span class='ocrx_word' id='word_1_403' title='bbox 1750 4041 1921 4091; x_wconf 76' lang='lat' dir='ltr'><strong>virtus</strong></span> <span class='ocrx_word' id='word_1_404' title='bbox 1934 4049 2128 4090; x_wconf 74' lang='lat' dir='ltr'><strong>autem.</strong></span> <span class='ocrx_word' id='word_1_405' title='bbox 2144 4041 2187 4090; x_wconf 87' lang='lat'><strong>1.</strong></span> <span class='ocrx_word' id='word_1_406' title='bbox 2212 4057 2254 4090; x_wconf 86' lang='lat' dir='ltr'><strong>e.</strong></span> <span class='ocrx_word' id='word_1_407' title='bbox 2278 4057 2371 4090; x_wconf 87' lang='lat' dir='ltr'><strong>nec</strong></span> <span class='ocrx_word' id='word_1_408' title='bbox 2394 4057 2519 4108; x_wconf 75' lang='lat' dir='ltr'><strong>prae-</strong></span> 
     </span>
    </p>
   </div>
  </div>
 </body>
</html>
