2667 4475
426 324 914 409 anslon
971 336 1486 409 s'rolcoR.
1540 338 1739 405 ms.
1791 337 1897 405 11.
2094 340 2229 408 623

89 484 213 546 Etsi
241 505 348 543 nec
375 481 438 542 id
459 483 766 543 obscurum
789 501 823 538 e
845 480 1014 540 dictis
1039 522 1056 553 ‚
1088 492 1175 539 est
1201 481 1357 561 enim
1378 480 1535 540 idem
1554 480 1653 539 ille
1682 479 1967 563 purgandi
1988 442 2243 541 etreno-

89 590 264 651 vandi
282 634 299 663 ‚
331 590 512 669 quiin
541 588 772 647 Diluvio
800 586 932 646 fuit.
953 560 1262 645 Tolluntur
1279 586 1417 645 mali
1442 630 1459 660 ,
1496 597 1555 645 et
1582 586 1733 645 mala
1762 599 1861 646 aut
1886 587 2037 647 vieta
2065 609 2082 646 ε
2106 587 2245 647 boni

90 708 148 755 et
177 696 398 754 innoxii
421 705 710 766 creantur,
744 704 803 751 et
829 691 1070 773 pulchra
1089 692 1298 751 iterum
1321 714 1387 751 ac
1406 692 1783 771 juvenescens
1811 692 1985 753 facies
2012 694 2242 755 Mundi.

89 800 425 863 Plutarchus
444 845 460 876 ,
489 802 563 861 de
590 798 791 859 Stoicis
818 797 947 880 (De
977 818 1268 857 commun.
1299 796 1475 880 Not.)
1507 822 1525 857 a
1566 826 1593 853 ιι
1626 798 1817 873 Quum
1846 799 2127 861 mundum
2152 801 2247 860 isti

89 909 452 969 incenderint
471 950 487 981 ,
511 906 649 965 mali
675 905 823 964 nihil
849 926 1091 985 usquam
1121 904 1487 983 relinquitur,
1512 904 1615 965 sed
1636 907 1971 967 universum
1996 920 2085 967 est
2102 928 2249 989 pru-

87 1018 230 1077 dens
251 1061 268 1091 ‚
295 1015 543 1097 probum
563 1056 580 1089 ‚
613 1015 862 1095 sapiens.
901 1038 930 1065 ιι
963 1011 1180 1071 Seneca
1199 1010 1454 1093 (Quaest.
1484 1010 1601 1086 ΙΙΙ,
1630 1034 1757 1095 cap.
1786 1012 1939 1096 ult.)
1965 1037 1982 1072 a
2012 1014 2247 1075 «Omne
2324 1010 2327 1015 ’

92 1123 311 1183 animal
337 1142 413 1182 ex
455 1122 680 1201 integ-ro
706 1119 1076 1203 generabitur
1105 1116 1449 1199 dabiturque
1476 1120 1643 1178 terris
1672 1118 1847 1179 bomo
1874 1122 2087 1181 inscius
2117 1142 2251 1181 sce-

86 1230 272 1290 lerum
301 1270 320 1301 ‚
363 1240 422 1286 et
449 1227 782 1286 melioribus
813 1226 1082 1306 auspiciis
1113 1236 1303 1283 natus.
1337 1222 1454 1283 Sed
1496 1224 1609 1284 illis
1652 1246 1883 1307 quoque
1918 1228 2248 1287 innocentia

87 1360 210 1397 non
243 1335 474 1395 durabit
497 1376 517 1407 ,
551 1332 663 1392 nisi
695 1331 834 1391 dum
859 1331 993 1390 novi
1023 1343 1158 1390 sunt
1189 1352 1206 1388 τ
1249 1332 1365 1390 cito
1400 1332 1657 1411 nequitia
1690 1332 1979 1413 subrepet.
2010 1360 2039 1387 ιι
2083 1334 2245 1394 Nova

85 1443 266 1523 igitur
289 1441 482 1499 omnia
503 1482 521 1512 ,
545 1460 619 1498 an
641 1439 834 1522 potius
855 1436 1106 1497 novata?
1134 1433 1336 1516 Neque
1358 1437 1515 1496 enim
1542 1437 1653 1497 alia
1675 1436 1851 1497 facies
1867 1436 2077 1499 Mundi
2100 1440 2209 1501 erit
2224 1484 2243 1514 ‚

85 1572 262 1631 quam
286 1548 457 1627 hujus
487 1544 596 1607 fuit
621 1568 638 1604 ε
669 1558 728 1604 et
755 1543 958 1604 eadem
989 1544 1214 1615 omnia,
1241 1544 1419 1602 immo
1443 1554 1501 1602 et
1519 1541 1780 1602 homines
1808 1541 1983 1602 iidem
2004 1542 2249 1605 redeunt

85 1660 145 1715 in
181 1656 400 1715 orbem.
444 1652 650 1713 Cicero
679 1650 788 1733 (ΙΙ
823 1650 912 1709 De
941 1650 1072 1709 Nat.
1105 1646 1324 1730 Deor.)
1358 1673 1375 1708 ε
1414 1676 1443 1702 ιι
1474 1649 1609 1709 Post
1626 1647 2129 1709 inflammationem
2146 1672 2271 1737 re·-

84 1763 274 1842 linqui
303 1760 450 1819 nihil
481 1770 688 1840 proter
735 1758 928 1839 ignem
955 1799 972 1831 ,
1029 1777 1064 1814 a
1108 1776 1226 1836 quo
1269 1776 1497 1816 rursum
1521 1799 1540 1830 ‚
1590 1778 1655 1815 ac
1700 1756 1773 1816 de
1806 1778 1875 1816 eo
1893 1802 1910 1832 ,
1958 1760 2253 1819 renovatio

86 1867 297 1927 Mundi
331 1868 494 1927 fieret
521 1908 538 1940 ,
571 1864 846 1945 idemque
875 1874 1112 1923 ornatus
1145 1864 1412 1924 oriretur.
1456 1889 1485 1916 ιι
1520 1863 1838 1923 Numenius
1870 1864 2025 1946 apud
2054 1864 2253 1928 Euse-

85 1978 248 2035 bium
279 1996 298 2032 ε
335 2000 364 2029 α
394 1975 732 2054 Iterumque
753 1984 884 2053 post
908 1973 1109 2055 Ignem
1131 1971 1421 2033 Mundum
1450 1973 1717 2033 constitui
1746 1986 1803 2033 et
1825 1976 2024 2056 perfici
2048 2019 2065 2051 ,
2096 1998 2250 2058 qua-

85 2083 154 2141 lis
179 2094 350 2142 antea
381 2093 522 2143 erat.
555 2106 583 2133 ιι
609 2078 700 2138 De
729 2080 868 2160 ipsis
891 2079 1062 2138 etiam
1087 2078 1415 2139 bominibus
1438 2122 1457 2153 ‚
1480 2076 1695 2139 Seneca
1713 2076 1942 2161 (Epist.
1978 2082 2245 2165 xxxv1)=

89 2215 116 2242 «ι
148 2188 312 2248 Mors
338 2231 356 2260 ‚
390 2208 566 2269 quam
591 2184 1046 2268 pertimescimus
1069 2204 1135 2243 ac
1158 2204 1487 2244 recusamus
1504 2228 1521 2258 ,
1552 2186 1878 2246 intermittit
1893 2188 2069 2248 vitam
2088 2232 2107 2263 ,
2131 2210 2249 2249 non

85 2297 281 2378 eripit.
316 2295 530 2355 Veniet
559 2296 765 2354 iterum
789 2335 807 2366 ,
843 2294 942 2374 qui
971 2313 1076 2352 nos
1107 2294 1168 2350 in
1198 2294 1386 2352 lucem
1412 2304 1651 2372 reponat
1683 2293 1836 2367 dies,
1868 2317 2041 2377 quem
2080 2297 2245 2358 multi

85 2412 420 2462 recusarent
443 2443 460 2472 ,
491 2401 604 2458 nisi
637 2399 839 2457 oblitos
879 2397 1198 2457 reduceret.
1235 2423 1265 2448 ιι
1302 2396 1483 2458 Vides
1516 2401 1913 2480 παλιγγενεσίαν
1937 2444 1955 2475 ,
1996 2401 2101 2462 sed
2134 2403 2245 2462 alio

82 2505 340 2590 quodam
359 2526 394 2564 a
413 2502 804 2586 Pythagoricis
833 2522 1028 2562 sensu.
1061 2502 1250 2583 Atque
1281 2502 1386 2562 has
1410 2503 1804 2564 innovationes
1828 2549 1845 2580 ,
1876 2509 2247 2569 iterationes.-

83 2635 204 2695 que
232 2658 248 2687 ‚
277 2624 515 2672 aeternas
543 2609 828 2669 faciebant
870 2631 888 2667 ε
921 2635 951 2662 «
985 2607 1194 2668 talibus
1221 2605 1690 2670 conversionibus
1707 2654 1725 2685 ,
1763 2613 1843 2672 ait
1876 2613 2194 2675 Numenius
2220 2660 2239 2690 ,

87 2719 456 2802 periodisque
481 2717 554 2778 ab
573 2729 783 2776 aeterno
806 2716 1202 2776 evenientibus
1229 2761 1246 2791 ‚
1271 2716 1681 2778 indesinenter.
1714 2745 1741 2772 ιι
1774 2719 1961 2802 Atque
1984 2721 2091 2782 boc
2114 2737 2201 2784 est
2219 2769 2239 2800 ‚

87 2827 250 2910 quod
296 2827 573 2886 Tatianus
591 2867 610 2899 ‚
655 2835 820 2882 vetus
872 2824 1118 2905 piusque
1149 2825 1412 2906 scriptor,
1464 2825 1521 2882 iu
1571 2827 1641 2884 iis
1688 2825 1925 2889 damnat
1957 2828 2237 2911 (Advers.

90 2932 391 3016 Gentes),
451 2955 565 2994 non
613 2933 798 3013 ipsam
847 2929 1363 2994 Inflammationem
1396 2957 1413 2990 :
1454 2959 1483 2987 ιι
1533 2933 1751 3016 Corpus
1804 2937 2009 3020 aliquis
2048 2938 2241 3001 Deum

89 3040 330 3100 statuit?
359 3061 466 3122 ego
495 3042 920 3119 incorporeum.
951 3037 1450 3120 Incorruptibilem
1474 3036 1762 3101 Mundum
1787 3041 1812 3101 ?
1833 3065 1938 3127 ego
1957 3047 2244 3129 corrupti·-

91 3147 289 3208 bilem.
331 3145 706 3208 Exustionem
743 3167 849 3227 per
887 3145 1041 3204 vices
1070 3157 1394 3227 temporum
1426 3146 1741 3208 advenire?
1780 3172 1887 3233 ego
1932 3153 2107 3213 semel
2132 3197 2148 3228 ,
2182 3167 2241 3214 et

93 3259 154 3314 in
183 3257 536 3316 universum.
567 3281 596 3310 ιι
640 3253 786 3315 Nam
819 3266 878 3313 et
913 3252 1248 3314 Christianis
1278 3253 1463 3336 proba
1492 3251 1611 3316 baec
1646 3260 1927 3318 sententia
1950 3304 1969 3334 ,
2016 3259 2117 3320 sed
2157 3261 2239 3322 sic

97 3361 436 3422 modificata.
