2667 4475
421 387 914 457 PHYSIOL.
959 386 1473 460 STOICOR.
1530 390 1728 461 LIB.
1781 392 1927 462 ΙΙΙ.
2118 396 2245 465 66ι

89 536 280 615 gitat,
335 532 436 613 qui
482 532 771 622 morituris
809 552 873 591 os
922 534 1130 613 pannis
1167 536 1468 595 conscissis
1514 533 1785 595 sarciebat
1830 560 1847 595 ε
1903 563 1930 589 «ι
1972 535 2109 611 Quae
2154 538 2260 597 ista

90 638 318 698 saevitia
335 680 353 710 ,
379 638 567 719 inquit
593 634 696 718 (II
723 637 812 697 De
843 638 936 697 Ira
959 681 976 712 ,
1001 660 1130 720 cap.
1173 638 1282 725 ¹9)
1306 683 1322 712 ,
1360 639 1485 699 est?
1505 640 1674 700 liceat
1701 641 1967 701 ultimum
2000 643 2260 723 spiritum

91 746 333 807 tradere
361 742 484 828 (sic
514 744 680 829 lego)
712 767 729 802 ε
763 744 837 805 da
864 740 1097 805 exiturae
1127 746 1346 806 Animae
1370 748 1580 808 locum.
1615 774 1642 801 υ
1676 747 1791 809 Sed
1818 749 2171 831 populariter
2197 769 2264 809 ea

90 854 378 913 dicuntur
412 876 428 911 ε
462 854 584 935 ipse
617 852 908 913 diversum
941 855 1114 913 sentit
1139 898 1156 929 ,
1193 867 1253 913 et
1280 854 1497 915 Stoicos
1524 856 1670 915 adeo
1694 877 1826 916 suos
1870 854 1965 915 hic
2007 856 2259 916 damnat.

85 960 252 1021 Nam
303 958 478 1020 relata
521 960 803 1019 sententia
845 960 980 1034 illa,
1034 960 1107 1020 de
1155 958 1479 1022 Obtritione
1502 1006 1521 1035 ,
1559 962 1725 1023 addit
1750 961 1975 1046 (Epist.
2025 962 2199 1045 nvn)
2240 987 2257 1021 =

95 1092 126 1119 α
173 1066 294 1143 Qui
334 1066 443 1125 hoc
481 1065 682 1125 dicunt
707 1109 724 1139 ,
766 1065 1036 1127 videntur
1064 1066 1204 1126 mihi
1246 1089 1461 1127 errare.
1499 1050 1999 1143 Quemadmodum
2038 1068 2268 1155 flamma

89 1196 220 1235 non
257 1184 444 1255 potest
473 1172 723 1253 opprimi
753 1195 768 1229 ε
804 1194 940 1233 nam
979 1173 1131 1233 circa
1173 1173 1236 1233 id
1279 1174 1505 1257 diffugit
1531 1218 1549 1248 ,
1592 1196 1709 1257 quo
1749 1189 1987 1259 urgetur
2016 1199 2033 1236 ε
2062 1198 2270 1259 quem-

91 1279 420 1340 admodum
450 1300 550 1339 aer
581 1280 821 1339 verbere
851 1291 950 1339 aut
977 1279 1098 1339 ictu
1118 1301 1234 1339 non
1261 1278 1507 1355 laeditur,
1535 1302 1645 1359 nec
1676 1282 1958 1345 scinditur
1984 1283 2221 1365 quidem
2245 1306 2261 1341 ε

93 1388 189 1445 sic
224 1386 468 1444 Animus
495 1429 512 1459 ,
561 1386 661 1466 qui
691 1406 766 1444 ex
810 1386 1146 1446 tenuissimo
1177 1399 1401 1446 constat
1425 1431 1443 1462 ,
1489 1387 1844 1469 deprehendi
1874 1411 1993 1450 non
2039 1402 2225 1471 potest
2249 1432 2268 1463 ,

97 1513 216 1550 nec
247 1492 395 1550 intra
438 1512 644 1572 corpus
689 1491 864 1575 affligi
899 1514 916 1549 ε
952 1491 1058 1552 sed
1105 1491 1389 1552 beneficio
1436 1492 1761 1555 subtilitatis
1802 1516 1916 1554 suae
1942 1538 1960 1569 ,
2000 1516 2107 1577 per
2148 1497 2273 1577 ipsa

93 1598 321 1681 quibus
362 1598 652 1679 affligitur,
686 1598 954 1678 erumpit.
988 1623 1016 1649 ιο
1054 1596 1194 1657 Haec
1225 1600 1449 1659 veriora
1474 1643 1491 1674 ,
1516 1620 1689 1683 quam
1729 1601 1949 1683 priores
1976 1600 2085 1661 illa
2104 1604 2273 1685 ληρή-

93 1732 221 1775 σεις
247 1748 264 1779 ,
297 1704 536 1785 Ineptioe
551 1751 565 1775 ,
607 1705 832 1765 delin’a.
875 1702 990 1763 Sed
1017 1704 1160 1765 heus
1187 1748 1206 1777 ‚
1251 1705 1456 1767 incidit
1485 1708 1635 1767 male
1676 1708 1951 1768 omissum
1972 1752 1990 1781 ,
2024 1729 2099 1769 ex
2128 1709 2274 1769 Dio-

99 1812 283 1893 nysio
319 1792 772 1871 Halicarnassaeo
799 1834 816 1869 ε
847 1832 1020 1893 quem
1038 1856 1056 1885 ‚
1092 1810 1185 1870 vel
1223 1812 1330 1875 hoc
1358 1826 1691 1897 argumento
1714 1856 1733 1889 ,
1774 1814 1917 1876 stooe
1944 1814 2268 1878 vindicabo.

99 1921 216 1981 Ait
241 1939 418 1999 super
444 1940 514 1979 eo
542 1920 683 1979 scito
706 1962 724 1991 ,
756 1920 817 1977 in
858 1940 962 1977 sua
986 1939 1260 2000 persona,
1295 1920 1397 1979 ubi
1437 1920 1512 1982 de
1543 1921 1763 1981 Marcio
1786 1922 2085 1983 Coriolano
2118 1921 2276 1983 infe·-

105 2027 304 2085 liciter
331 2026 612 2085 exstincto
628 2023 771 2105 (lib.
795 2024 946 2085 VIII
968 2022 995 2107 )
1018 2070 1034 2098 ,
1073 2052 1100 2078 ιι
1129 2024 1190 2086 Si
1212 2026 1389 2109 igitur
1408 2026 1593 2087 soluta
1620 2048 1857 2111 corpore
1875 2030 2083 2089 Anima
2104 2030 2275 2089 etiam

107 2135 321 2193 interit
341 2178 360 2207 ‚
391 2132 548 2195 haud
591 2133 761 2193 video
801 2134 1088 2217 quomodo
1127 2134 1322 2195 beatos
1357 2134 1545 2209 dicam
1568 2178 1586 2209 ,
1617 2137 1718 2218 qui
1750 2137 1911 2197 nullo
1936 2159 2009 2197 ex
2047 2137 2275 2198 Virtute

109 2239 310 2301 fructu
328 2284 347 2315 ,
381 2240 456 2300 ob
493 2240 676 2320 ipsam
709 2241 882 2300 etiam
911 2253 1176 2321 pereunt.
1211 2267 1238 2294 ιι
1269 2241 1422 2302 Tum
1446 2240 1610 2302 addit
1635 2243 1957 2302 membrum
1981 2243 2223 2302 alterum
2251 2266 2270 2300 z

117 2375 153 2402 a
184 2346 287 2406 Sin
317 2356 506 2434 autem
541 2346 1001 2425 incorruptibiles
1027 2346 1090 2406 in
1109 2357 1453 2428 perpetuum
1481 2346 1699 2406 Animae
1717 2389 1735 2420 ,
1772 2359 1837 2406 ut
1863 2347 2099 2428 quidam
2128 2369 2278 2407 cen-

116 2463 255 2514 sent
285 2475 302 2522 ;
353 2463 453 2510 aut
491 2461 718 2531 tempus
762 2451 994 2532 aliquod
1014 2494 1032 2525 ,
1090 2465 1219 2534 post
1259 2453 1601 2514 solutionem
1646 2475 1949 2534 corporum
1975 2496 1993 2526 ,
2038 2475 2278 2536 perma—

121 2570 306 2630 nent3
353 2557 748 2641 longissimum
796 2557 1031 2640 quidem
1057 2601 1076 2632 ‚
1136 2558 1417 2618 bonorum
1470 2560 1771 2630 virornm;
1816 2561 2215 2622 brevissimum
2249 2604 2267 2634 ‚

127 2665 406 2726 malorum
439 2687 457 2723 ε
489 2663 772 2724 sufficiens
811 2661 992 2723 honos
1031 2663 1308 2724 habeatur
1352 2664 1596 2725 Virtutis
1637 2665 1971 2736 cultoribus.
2012 2694 2039 2720 υ
2076 2665 2297 2728 Stoicis.

133 2773 308 2854 igitur
331 2783 526 2834 manet
555 2771 638 2831 sic
667 2771 878 2832 Anima
895 2794 938 2842 ς,
955 2771 1098 2846 uhi.‚
1131 2783 1190 2832 et
1212 2771 1361 2854 quid
1396 2769 1597 2872 faciat..
1626 2793 1763 2834 mox
1792 2773 2029 2836 docebo.

785 3005 1413 3070 nlssER-TATIO
1452 3007 1622 3071 x112

220 3185 308 3246 De
329 3187 660 3266 migratione
692 3183 1031 3246 Αηίηιαηιηι
1062 3186 1124 3244 in
1159 3206 1415 3266 corpom.
1453 3185 1653 3246 Plures
1682 3188 1766 3246 ita
1790 3189 2021 3248 amose
2046 3223 2061 3256 .·
2091 3210 2201 3251 non
2228 3229 2235 3236 -

981 3301 1170 3352 tamen
1199 3289 1438 3352 Stoicos.
1462 3351 1471 3356 -

225 3524 356 3584 Nu
387 3523 612 3585 Senecae
651 3522 912 3584 ordinem
945 3523 1144 3582 insisto
1171 3564 1188 3595 ,
1222 3532 1281 3582 et
1318 3519 1565 3596 Quaestio
1594 3521 1805 3601 quinta
1834 3523 2048 3603 excipit
2069 3566 2085 3597 ,
2126 3550 2155 3576 α
2190 3522 2281 3582 An

143 3630 372 3694 aliunde
401 3629 512 3690 alio
557 3639 809 3690 mnseat
829 3671 848 3702 ,
881 3639 942 3688 et
970 3627 1322 3693 domicilium
1362 3625 1584 3688 mutet?
1616 3653 1643 3680 n
1674 3627 1733 3691 si
1772 3640 2001 3702 manet,
2033 3630 2221 3711 inquit
2263 3653 2279 3687 ε

147 3761 222 3800 an
272 3739 318 3798 si
361 3736 504 3798 forte
529 3779 546 3810 ,
587 3757 720 3796 cum
771 3733 1160 3816 Pythagoricis
1183 3778 1200 3810 ‚
1223 3795 1228 3800 ,
1248 3733 1341 3794 de·
1371 3754 1612 3817 corpore
1660 3735 1753 3800 in..
1774 3755 1979 3816 corpus
2026 3735 2284 3816 migrat?

149 3843 364 3906 Eodem
407 3865 580 3905 sensu
613 3844 814 3926 quierit
844 3841 982 3902 alibi
1015 3839 1252 3924 (Epist.
1302 3839 1469 3922 mxv)
1498 3863 1515 3899 ε
1556 3866 1583 3894 α
1614 3839 1739 3924 Ego
1782 3842 2035 3902 nesciam
2059 3884 2077 3913 ,
2126 3839 2284 3902 unde

149 3950 584 4017 descenderim?
613 3951 792 4012 semel
831 3949 949 4010 haec
999 3948 1142 4010 mihi
1186 3947 1439 4010 videnda
1476 3950 1595 4008 sint
1616 3993 1633 4024 ,
1678 3961 1777 4009 aut
1816 3947 2012 4029 saepe?
2050 3973 2079 4001 ι»
2126 3945 2289 4030 Saepe

155 4061 302 4120 enim
333 4083 348 4130 ;
372 4061 418 4120 si
443 4059 662 4122 reditus
683 4071 768 4120 est
785 4101 803 4132 ‚
837 4071 894 4118 et
911 4071 976 4117 ut
994 4055 1381 4118 Tertullianus
1400 4057 1650 4137 appellat
1670 4083 1691 4129 ·,
1730 4083 1757 4110 κ
1786 4054 2127 4116 recidivatus
2149 4055 2288 4114 ani—

157 4187 390 4228 marum.
428 4195 455 4220 »
489 4163 564 4225 Et
595 4167 977 4250 Pythagoreos
1003 4210 1018 4240 ‚
1050 4165 1226 4228 immo
1247 4176 1304 4224 et
1325 4163 1650 4224 Platonicos
1672 4164 1753 4223 sic
1776 4164 2017 4224 sensisse
2040 4207 2056 4238 ,
2082 4162 2291 4224 decan-
