2667 4475
426 357 921 427 PanmL.
974 354 1472 426 s‘rolcoa.
1527 357 1718 427 Lm.
1771 357 1826 422 1.
2060 357 2195 451 ‚493

60 526 185 587 cap.
221 502 305 588 9)
335 527 353 561 ε
394 529 421 556 α
455 502 667 561 Melius
710 501 885 582 igitur
908 498 1229 558 Stoicorum
1266 500 1520 560 omnium
1563 500 1918 560 acutissimus
1945 499 2157 562 Seneca
2183 549 2200 576 ,

60 613 157 690 qui
185 609 335 670 vidit
362 607 507 668 nibil
536 603 694 666 aliud
724 606 1000 665 Naturam
1024 625 1149 664 esse
1171 647 1191 679 ‚
1216 625 1390 685 quam
1422 605 1629 666 Deum.
1665 631 1694 658 ιι
1732 605 1928 687 Ipsum
1957 604 2064 666 boc
2095 607 2204 667 Pli-

60 719 187 776 nius
214 715 359 798 (lib.
398 714 493 788 11,
528 734 655 794 cap.
693 711 805 795 7),
838 712 1149 793 plurimum
1180 709 1578 790 saneStoieus'
1597 735 1615 771 a
1655 739 1682 766 ιι
1723 713 2058 774 Declaratur
2083 713 2206 774 Na·-

60 835 193 882 turze
220 821 475 903 potentia
492 863 509 894 ‚
544 819 721 901 idque
744 839 867 878 esse
889 818 1045 900 quod
1068 819 1254 892 Deum
1276 821 1572 880 vocamus.
1604 845 1633 873 ιι
1665 817 1740 879 Et
1757 819 1963 880 iterum
1990 845 2006 879 z
2035 847 2064 874 «ι
2089 821 2204 881 Hic

60 941 143 988 est
170 929 333 988 Deus
348 971 366 1001 ,
402 949 506 1009 per
534 947 709 1008 quem
752 926 1088 1008 intelligitur
1118 926 1319 986 eadem
1336 970 1354 1000 ,
1399 938 1459 986 et
1485 947 1690 1007 parens
1729 949 1921 987 rerum
1951 929 2206 989 omnium

60 1047 113 1094 ct
140 1034 415 1116 magistra
432 1075 449 1106 ,
484 1033 719 1092 Natura.
752 1057 781 1085 ιι
816 1029 930 1090 Sed
958 1033 1019 1090 in
1048 1031 1237 1091 verbis
1269 1030 1544 1090 Lactantii
1577 1033 1746 1091 etiam
1779 1047 1931 1108 erat,
1971 1061 1999 1088 ιι
2026 1035 2206 1094 Mun·-

60 1138 195 1198 dum
230 1159 265 1197 a
292 1135 491 1197 Stoicis
534 1136 808 1198 Naturam
847 1138 1058 1198 vocari.
1094 1163 1121 1190 ιι
1168 1136 1340 1212 Quod
1377 1157 1578 1196 verum
1621 1150 1710 1198 est
1733 1182 1750 1212 ,
1795 1140 1951 1198 utin
1992 1139 2206 1201 Seneca

60 1243 327 1326 [Consol.
350 1243 427 1304 ad
444 1245 616 1304 Helv.
644 1265 775 1326 cap.
801 1240 879 1325 8)
908 1267 925 1302 ε
958 1269 989 1297 ιι
1010 1243 1386 1324 Quocumque
1405 1245 1730 1304 venerimus
1749 1287 1766 1317 ‚
1792 1245 1990 1305 eadem
2015 1268 2204 1308 rerum

60 1358 277 1417 Natura
304 1348 723 1416 utendum'est.
758 1381 787 1410 ιι
824 1355 1009 1414 Plinio
1040 1353 1179 1435 (lib.
1210 1355 1271 1414 11
1293 1398 1311 1427 ,
1347 1377 1476 1436 cap.
1523 1354 1640 1437 1)=
1677 1359 1706 1410 ιὰ
1737 1354 2016 1438 Idemque
2042 1381 2208 1418 mun-

60 1463 163 1523 dus
196 1485 391 1522 rerum
428 1463 657 1522 Natura
688 1483 867 1542 opus,
906 1473 962 1518 et
1004 1481 1193 1519 rerum
1226 1437 1350 1540 ipsa
1389 1460 1628 1521 Natura.
1660 1475 1689 1513 ιι
1725 1461 1878 1536 Quid
1907 1462 2036 1520 ita?
2073 1466 2208 1544 quia

60 1568 317 1628 Mundus
340 1579 399 1627 et
418 1589 452 1626 a
474 1567 597 1626 Deo
619 1567 805 1648 prima
834 1565 1051 1624 Natura
1080 1564 1261 1624 factus
1284 1578 1373 1625 est
1393 1590 1408 1637 3
1431 1578 1488 1626 et
1515 1567 1640 1647 ipse
1665 1565 1749 1625 illi
1773 1563 2015 1628 insertus
2033 1611 2050 1642 ,
2075 1567 2209 1628 facit
2339 1586 2346 1596 “

60 1673 345 1734 Mundum
390 1673 503 1732 dici
546 1673 755 1733 Deum.
804 1670 1176 1732 Confundunt
1223 1673 1399 1754 igitur
1417 1715 1434 1746 ‚
1481 1685 1548 1730 ut
1593 1671 1867 1733 Manilius
1901 1672 2052 1755 (lib.
2084 1674 2202 1756 1),

60 1780 483 1840 obscur-iusculo
517 1780 681 1839 aliter
716 1800 885 1840 versu
914 1803 931 1836 ε

383 1892 687 1960 Hateriaequc
709 1891 880 1944 datum
897 1899 971 1944 est
990 1895 1101 1961 cogi
1118 1929 1133 1954 ,
1149 1891 1238 1944 sed
1257 1909 1428 1961 cogere
1447 1894 1630 1946 Mundo
1653 1913 1664 1943 :

60 2003 217 2084 quod
252 2014 335 2060 est
360 2045 377 2074 ‚
422 1999 725 2059 Materiam
767 2003 883 2081 pati
914 2023 928 2072 ;
978 2000 1162 2060 Deum
1206 2023 1378 2084 agere
1394 2046 1410 2076 ‚
1462 2003 1560 2083 qui
1593 2002 1802 2062 dicitur
1843 2015 1902 2062 et
1925 2003 2200 2064 Mundus.

60 2115 248 2189 Atque
277 2105 476 2166 eadem
520 2107 627 2166 ista
659 2105 875 2166 Natura
907 2127 1099 2165 rerum
1119 2151 1137 2181 ‚
1175 2105 1498 2167 Communis
1525 2109 1696 2168 etiam
1725 2109 1923 2168 Stoicis
1955 2109 2161 2171 dicitur
2186 2155 2204 2184 ,

60 2229 121 2277 ut
150 2239 185 2275 a
222 2213 554 2274 Particulari
598 2213 875 2295 cujusque
910 2213 993 2273 rei
1035 2214 1370 2297 abjungant.
1425 2213 1516 2274 Sic
1562 2213 1828 2297 Seneca(
1857 2217 2086 2276 Consol.
2134 2217 2208 2277 ad

60 2326 233 2385 Helv.
270 2346 397 2404 cap.
432 2320 511 2404 8)
546 2346 562 2380 =
601 2348 629 2375 ιι
658 2322 787 2381 Duo
815 2342 919 2380 nos
951 2321 1331 2403 pulcherrima
1362 2366 1378 2395 ,
1421 2343 1784 2403 quocumque
1815 2324 2170 2383 movebimur
2187 2368 2203 2397 ‚

60 2442 367 2511 sequentur
389 2473 406 2504 ‚
432 2428 646 2488 Natura
670 2426 1001 2486 Communis
1030 2438 1087 2486 et
1116 2428 1348 2508 propria
1367 2428 1587 2487 Virtus,
1624 2454 1651 2481 ιι
1679 2426 2032 2509 Chrysippus
2052 2430 2208 2509 apud

60 2534 425 2597 Plutarchum
468 2559 485 2593 ε
532 2561 558 2587 ιι
586 2532 755 2608 Quod
792 2533 841 2592 si
884 2534 1071 2614 aliqua
1106 2534 1437 2593 Communis
1477 2533 1694 2593 Natura
1713 2578 1730 2607 ,
1777 2546 1834 2593 et
1877 2535 2207 2594 Communis

60 2644 233 2702 ctiam
259 2642 434 2721 ipsius
456 2640 683 2699 Naturae
714 2638 883 2698 Ratio
903 2684 919 2713 ,
951 2658 1059 2698 nec
1085 2638 1400 2720 Antipodas
1424 2638 1656 2721 quidem
1683 2640 1842 2699 latet.
1873 2668 1900 2694 ιι
1929 2640 2202 2701 Observa.

60 2748 391 2807 Communis
420 2757 504 2807 est
534 2746 750 2805 Natura
779 2789 796 2820 ,
842 2759 1012 2827 atque
1054 2746 1223 2805 etiam
1256 2746 1422 2806 Ratio
1467 2748 1522 2806 in
1559 2769 1626 2806 ea
1666 2746 1994 2807 Communis
2023 2793 2038 2823 ‚
2086 2773 2210 2830 quae

60 2855 253 2914 omnia
290 2852 497 2935 digerit
522 2865 579 2912 et
610 2848 833 2912 format.
864 2850 1057 2934 Longe
1080 2853 1233 2912 enim
1255 2852 1426 2913 Stoici
1448 2854 1628 2912 nostri
1661 2853 1732 2911 ab
1766 2854 1876 2912 illis
1895 2898 1911 2928 ‚
1937 2854 2036 2934 qui
2060 2854 2208 2913 bru-

60 2974 177 3019 tam
200 2959 449 3039 aliquam
470 2970 526 3017 et
542 2958 667 3017 sine
688 2978 859 3017 sensu
878 2958 1153 3017 Naturam
1174 2958 1498 3018 statuebant
1519 3002 1535 3032 ,
1572 2960 1761 3017 omnia
1785 2961 2113 3041 gignentem
2142 2982 2206 3018 ac

60 3078 510 3127 conservantem.
540 3064 700 3125 Inter
728 3085 869 3145 quos
892 3064 1078 3123 Strato
1101 3062 1376 3145 Physicus
1402 3064 1604 3125 nobilis
1625 3110 1642 3139 ,
1675 3065 1830 3148 apud
1853 3066 2208 3127 Lactantium

60 3175 201 3256 [lib.
232 3172 319 3232 De
342 3174 435 3233 Ira
462 3172 571 3231 Dei
596 3216 613 3246 ‚
638 3194 767 3253 cap.
804 3170 915 3252 10)
942 3196 957 3230 ε
992 3199 1017 3224 ιι
1044 3171 1275 3232 Habere
1298 3172 1571 3232 Naturam
1599 3174 1660 3232 in
1692 3196 1755 3233 se
1791 3176 1904 3233 vim
1934 3175 2208 3258 giguendi

60 3294 114 3340 et
156 3280 457 3339 minuendi
486 3324 504 3352 ,
538 3275 641 3338 sed
685 3301 811 3338 eam
839 3300 943 3337 nec
978 3300 1209 3337 sensum
1238 3276 1450 3338 habere
1491 3278 1706 3353 ullum,
1741 3302 1846 3339 nec
1883 3282 2142 3363 figuram.
2178 3308 2204 3333 ιι

60 3388 226 3447 [dem
257 3406 495 3469 magnus
541 3386 637 3445 ille
670 3386 1052 3467 Hippocrates
1094 3383 1321 3444 videtur
1365 3387 1653 3445 censuisse
1687 3386 1810 3469 (VI
1833 3378 2146 3471 Epidem.)
2188 3389 2204 3446 'z

60 3523 87 3547 ιι
123 3494 393 3565 Invenit,
439 3492 659 3571 inquit,
705 3492 829 3572 ipsa
858 3492 966 3549 sibi
1004 3489 1218 3550 Natura
1253 3491 1376 3549 vias
1411 3512 1529 3549 non
1571 3512 1642 3549 ex
1673 3492 2121 3551 ratiocinatione.
2177 3516 2205 3544 ι·

60 3600 134 3659 Et
156 3602 364 3659 iterum
392 3622 407 3657 ε
446 3624 473 3651 α
504 3596 739 3656 Indocta
769 3610 857 3656 est
876 3598 1113 3673 Natura,
1147 3618 1219 3657 ex
1246 3598 1432 3679 seipsa
1450 3618 1626 3679 gnara
1651 3618 1845 3657 eorum
1877 3620 2001 3678 quoe
2025 3598 2214 3659 facere

60 3706 259 3767 debet.
296 3732 324 3759 ιι
360 3704 617 3764 Profecto
639 3703 699 3762 hi
723 3704 862 3763 tales
892 3705 1261 3764 Divinitatem
1285 3706 1617 3764 concutiunt
1640 3717 1738 3763 aut
1759 3718 2023 3765 evertunt
2054 3730 2070 3764 ε
2102 3732 2128 3757 «
2157 3715 2215 3763 et

60 3834 243 3896 quum
263 3812 479 3871 vellent
498 3810 842 3892 persuadere
866 3836 893 3862 ιι
917 3854 933 3883 ,
958 3812 1038 3869 ait
1058 3810 1384 3891 Lactantius
1406 3810 1533 3893 (lib.
1563 3810 1675 3884 ῙΠ,
1697 3834 1824 3891 cap.
1857 3808 1960 3892 28)
1982 3854 1999 3883 ‚
2023 3838 2050 3863 σι
2073 3808 2216 3868 nibil

60 3941 189 3979 esse
209 3916 405 3977 divina
426 3930 616 3978 mente
638 3914 951 3999 perfectum
968 3961 985 3990 ,
1010 3916 1285 3975 Naturam
1309 3917 1580 3977 dixerunt
1600 3937 1722 3975 esse
1743 3937 1933 3975 rerum
1961 3914 2214 3973 omnium

60 4040 304 4087 matrem
338 4046 355 4083 ε
388 4026 552 4107 quasi
578 4024 872 4097 dicerent,
907 4024 1097 4083 omnia
1126 4046 1228 4082 sua
1263 4035 1466 4104 sponte
1494 4042 1616 4081 esse
1648 4034 1802 4079 nata.
1838 4046 1866 4071 ιι
1905 4018 1981 4078 Et
2010 4018 2082 4077 de
2117 4018 2219 4075 iis-

60 4136 195 4195 [lem
226 4132 365 4215 ipsis
403 4156 419 4192 ε
462 4158 490 4189 ιι
532 4130 831 4193 Probabile
862 4142 947 4189 est
972 4174 989 4203 ,
1026 4130 1293 4208 inquiunt
1313 4172 1329 4202 ‚
1363 4126 1667 4188 Materiam
1696 4146 1886 4183 renuu
1921 4136 1979 4184 et
2007 4122 2218 4185 babere
