2667 4475
447 358 940 431 PHYSIOL.
993 358 1495 429 sTolcoR.
1550 358 1741 427 Lm.
1793 356 1946 423 111.
2137 356 2274 447 677

33 547 35 574 :
99 510 343 571 futuros
387 528 587 568 cursus
632 504 935 566 antecedit.
969 530 998 558 a
1049 504 1274 565 Addam
1313 503 1559 585 amplius
1578 547 1594 575 ‚
1646 502 2061 583 Cogitationem
2094 500 2276 579 ipsam

100 614 408 677 antecedit
442 638 460 673 ι
504 613 646 696 quid
679 623 871 673 autem
901 632 968 671 ea
998 608 1281 671 celerius?
1316 608 1561 670 Pulchre
1589 607 1881 669 Homerus
1910 631 1923 678 ;
1966 606 2039 667 de
2079 604 2279 665 Phaea-

33 761 35 792 ;
113 722 292 783 cibus
316 745 334 780 ε

453 838 560 889 'rav
583 836 676 897 νίας
702 838 854 888 &ufai
876 872 890 899 ,
916 837 1022 888 ὦσιῖ
1052 834 1222 903 «πρὶν
1244 834 1294 890 ἧὶ
1321 832 1486 900 νόημα·

455 977 676 1041 Quorum
700 981 814 1025 sunt
833 975 1011 1025 celeres
1031 992 1178 1025 naves
1191 1010 1206 1036 ,
1230 974 1367 1025 velut
1384 973 1591 1025 alituum
1612 972 1688 1023 ala
1702 1009 1719 1033 ,

450 1068 552 1117 Aut
570 1066 732 1117 brevis
753 1066 806 1117 in
827 1066 968 1116 nobis
991 1082 1173 1115 sensus.
1209 1062 1417 1134 (Odyss.
1448 1062 1536 1131 H.)

115 1203 298 1279 Quod
328 1202 678 1265 Claudianus
706 1203 915 1263 imitari
942 1162 1122 1263 voluit
1140 1246 1158 1276 ‚
1191 1202 1365 1285 Rapt.
1402 1202 1563 1262 Pros.
1599 1201 1658 1263 11
1685 1244 1703 1276 ,
1739 1222 1858 1261 200
1892 1225 1909 1259 ε

453 1350 704 1413 Quantum
719 1364 820 1399 non
838 1348 1062 1411 jaculum
1082 1346 1246 1397 Parthi
1264 1382 1282 1410 ,
1299 1364 1405 1398 non
1424 1349 1637 1417 impetus
1654 1347 1814 1396 Austri
1836 1382 1851 1404 ,

456 1441 570 1490 Non
585 1439 692 1489 leve
709 1440 926 1493 sollicita
950 1439 1127 1489 Uentis
1149 1438 1384 1489 discurrit
1401 1454 1629 1489 acumen.

115 1578 394 1659 Denique
421 1580 604 1661 magis
633 1578 758 1639 dixi
779 1622 798 1652 ,
841 1590 900 1639 et
944 1579 1131 1639 dicam
1153 1621 1170 1652 ,
1206 1578 1491 1661 Tempora
1534 1581 1661 1661 ipsa
1686 1578 1993 1639 antecedit.
2034 1580 2281 1640 Praesens

115 1685 236 1745 hoe
277 1684 432 1767 quod
479 1686 540 1745 in
587 1686 754 1767 lapsu
801 1698 888 1745 est
906 1730 924 1759 ,
962 1686 1310 1767 praeteritum
1358 1686 1513 1768 quod
1545 1687 1768 1768 lapsum
1790 1734 1805 1757 ,
1843 1685 2099 1749 futurum
2128 1688 2284 1768 quod

118 1782 373 1865 labetur,
408 1804 588 1851 totum
620 1786 766 1852 illud
789 1792 1004 1853 assidui
1031 1804 1217 1851 motus
1239 1814 1445 1875 agmen
1478 1794 1718 1853 Animus
1746 1793 2162 1875 complectitur,
2192 1807 2248 1854 et
2266 1837 2284 1867 ‚

120 1911 192 1957 ut
225 1899 428 1959 Cicero
453 1899 534 1957 ait
559 1897 661 1980 (ΙΙ
689 1899 764 1959 de
791 1895 963 1978 Fin.)
1002 1925 1029 1952 «ι
1059 1899 1231 1959 simul
1255 1900 1431 1959 trium
1457 1912 1777 1982 temporum
1805 1902 2090 1982 particeps
2120 1914 2225 1961 est.
2254 1928 2281 1955 ιι

125 2004 338 2086 Itaque
386 2026 522 2064 vere
568 2004 732 2065 Philo
755 2002 952 2087 (quod
989 2004 1168 2065 deter.
1213 2006 1421 2088 potiori
1461 2007 1634 2067 insid.
1654 2004 1681 2086 )
1704 2031 1720 2066 z
1747 2034 1775 2061 «
1795 2006 1923 2067 Sola
1966 2007 2135 2067 Mens
2158 2052 2175 2083 ,
2222 2023 2287 2069 ut

124 2112 390 2171 omnium
417 2112 680 2171 ocissima
700 2154 718 2185 ,
752 2113 926 2171 etiam
950 2112 1204 2194 Tempus
1229 2114 1419 2193 ipsum
1438 2157 1455 2186 ,
1482 2134 1595 2193 quo
1621 2114 1814 2173 omnia
1841 2114 1965 2173 fieri
1990 2113 2284 2190 videntur,

123 2220 425 2301 praecurrit
455 2231 512 2280 et
541 2232 784 2301 occupat
805 2265 822 2295 ,
859 2220 1074 2281 viribus
1103 2220 1339 2280 occultis
1365 2263 1381 2294 ,
1432 2220 1554 2280 sine
1596 2220 1881 2303 Tempore
1900 2262 1917 2294 ,
1957 2223 2285 2282 universum

123 2325 239 2386 hoc
270 2338 330 2385 et
357 2340 548 2408 partes
582 2328 707 2406 ejus
745 2327 1111 2410 pervagando
1129 2372 1144 2401 ‚
1191 2327 1613 2409 pertractando.
1645 2353 1674 2381 »ι
1694 2328 2113 2410 ’Trismegistus
2138 2329 2287 2390 hanc

125 2431 483 2491 celeritatem
511 2432 661 2491 bene
688 2425 898 2513 ingerit
929 2456 946 2490 ε
983 2459 1012 2486 α
1040 2431 1152 2491 Dic
1173 2477 1190 2505 ‚
1221 2433 1411 2513 inquit
1435 2431 1590 2515 (cap.
1630 2454 1652 2492 1
1673 2432 1761 2517 1),
1804 2436 2022 2497 Animae
2050 2449 2157 2495 tuae
2189 2437 2289 2496 illo

126 2537 292 2597 abire
309 2579 328 2610 ,
365 2547 424 2595 et
453 2536 606 2596 dicto
639 2537 806 2596 citius
847 2538 966 2598 illic
995 2539 1124 2598 erit.
1168 2539 1415 2621 Praecipe
1462 2538 1757 2602 Oceanum
1806 2553 2069 2614 tranare3
2101 2544 2288 2604 celer*-

127 2645 278 2703 rime
307 2643 424 2702 illic
457 2645 568 2704 erit
591 2687 608 2718 ,
633 2665 748 2704 non
786 2656 851 2705 ut
887 2645 1060 2705 eloco
1091 2647 1151 2705 in
1185 2646 1375 2706 locum
1394 2646 1581 2708 delata
1604 2691 1621 2720 ,
1658 2648 1762 2708 sed
1778 2661 2051 2730 tanquam
2068 2651 2186 2730 jam
2206 2652 2284 2710 ibi

129 2751 404 2808 existens.
455 2749 606 2810 Jube
633 2751 694 2809 in
721 2751 919 2810 caelum
954 2751 1139 2811 evolet
1176 2775 1192 2810 ε
1237 2753 1340 2811 alis
1372 2775 1489 2812 non
1529 2756 1719 2836 egebit
1737 2799 1755 2829 ,
1796 2777 1985 2837 neque
2020 2757 2201 2818 ullum
2233 2760 2287 2818 ei

129 2855 526 2927 obstaculum5
558 2878 674 2916 non
703 2855 849 2916 Solis
891 2855 1062 2917 ardor
1079 2900 1096 2932 ,
1132 2879 1249 2917 non
1284 2858 1461 2919 aether
1477 2903 1496 2934 ,
1536 2881 1653 2919 non
1686 2861 1805 2920 caeli
1832 2860 2104 2922 volutatio
2121 2905 2138 2936 ,
2170 2885 2287 2922 non

132 2984 376 3043 corpora
419 2975 698 3023 astrorum
731 2986 748 3022 ε
779 2963 918 3044 quin
959 2964 1151 3023 omnia
1189 2965 1507 3046 pervadens
1553 2965 1626 3025 ad
1665 2979 1979 3027 extremam
2016 2968 2289 3030 Naturam

133 3071 410 3150 pervolet.
438 3069 624 3132 Immo
654 3081 712 3130 et
737 3082 896 3130 extra
926 3091 1052 3130 eam
1077 3068 1304 3152 (siquid
1331 3083 1491 3132 extra
1518 3069 1682 3155 eam)
1708 3073 1915 3132 intueri
1940 3074 2043 3133 tibi
2066 3074 2222 3135 licet.
2257 3101 2285 3130 »ι

133 3177 284 3237 Mira
317 3190 376 3237 et
401 3179 652 3238 maxima
681 3177 800 3237 haec
827 3179 1126 3238 aestimanti
1151 3190 1286 3236 sunt
1312 3201 1328 3236 ε
1356 3178 1497 3259 quid
1526 3179 1755 3260 reliq-uae
1784 3178 1943 3240 dotes
1973 3181 2295 3265 intelligen-

137 3284 229 3343 tiae
247 3325 265 3357 ,
315 3285 660 3346 inventionis
682 3328 699 3359 ,
735 3283 1064 3345 memoria?
1107 3283 1351 3367 Pelagus
1381 3306 1575 3346 rerum
1623 3298 1681 3346 et
1728 3285 1964 3346 laudum
2012 3311 2029 3346 ε
2074 3301 2131 3347 et
2160 3311 2293 3350 vere

138 3392 326 3472 imago
355 3413 420 3450 ac
451 3393 818 3453 simulacrum
849 3391 981 3451 Dei.
1007 3390 1058 3449 Ο
1078 3391 1309 3452 attende
1327 3436 1345 3464 ,
1379 3405 1438 3452 et
1470 3419 1497 3446 ιι
1516 3394 1703 3476 cogita
1725 3395 1785 3452 in
1810 3407 1867 3454 te
1888 3439 1903 3468 ‚
1929 3407 2135 3476 praeter
2158 3397 2296 3457 Ani-

141 3517 298 3556 mum
319 3539 338 3572 ‚
385 3494 532 3556 nihil
565 3519 688 3558 esse
716 3478 980 3558 mirabile
1013 3523 1030 3558 z
1065 3499 1159 3558 cui
1187 3519 1397 3580 magno
1436 3497 1583 3557 nihil
1612 3512 1698 3559 est
1729 3521 2021 3582 magnum.
2054 3527 2083 3555 n
2115 3487 2291 3583 (sen.

141 3602 327 3685 Epist.
365 3602 523 3685 vn.)
547 3602 702 3678 Quid
721 3605 828 3664 ista
857 3605 992 3664 vilia
1013 3649 1031 3678 ,
1065 3618 1123 3666 et
1147 3607 1375 3666 terrena
1394 3649 1413 3680 ,
1444 3617 1503 3664 et
1530 3607 1783 3686 peritura
1814 3608 1983 3667 sunt?
2018 3606 2181 3668 fumi.
2214 3608 2300 3668 si-

144 3711 522 3772 militudinem
549 3723 708 3772 tuam
731 3712 918 3771 recole
936 3756 954 3786 ‚
986 3725 1158 3794 atque
1186 3714 1326 3774 item
1355 3714 1633 3797 originem
1660 3738 1677 3772 2
1702 3727 1946 3795 utraque
1967 3714 2164 3774 divina
2184 3729 2291 3776 est.

146 3817 226 3876 Ut
251 3817 422 3900 igitur
455 3843 483 3870 «ι
510 3815 658 3876 radii
685 3815 830 3876 Solis
850 3821 1189 3900 contingunt
1213 3819 1449 3899 quidem
1476 3831 1686 3880 terram
1707 3864 1723 3894 ‚
1756 3821 1858 3880 sed
1886 3821 1963 3879 ibi
1988 3834 2119 3880 sunt
2140 3821 2297 3882 unde

151 3923 480 3984 emittuntur
511 3947 528 3982 ε
559 3924 644 3982 sie
667 3925 891 3983 animus
920 3924 1018 3983 ille
1046 3945 1289 4007 magnus
1317 3938 1375 3984 ct
1396 3948 1580 4000 sacer,
1614 3939 1672 3986 et
1699 3929 1759 3985 in
1793 3926 1901 3985 hoc
1930 3927 2211 3987 demissus
2236 3945 2302 3990 ut

151 4029 378 4110 propius
428 4028 622 4090 divina
671 4050 966 4090 nossemus
989 4054 1004 4100 3
1036 4043 1401 4091 conversetur
1424 4032 1661 4113 'quidem
1685 4033 1979 4092 nobiscum
1998 4079 2014 4108 ,
2048 4035 2152 4095 sed
2178 4036 2301 4096 hae—

153 4147 270 4195 reat
299 4135 506 4218 origini
537 4156 650 4198 suae
675 4163 703 4190 »v
735 4134 904 4218 (Seu.
943 4134 1126 4217 Epist.
1169 4135 1330 4218 xm.)
1360 4137 1520 4211 Fiat,
1555 4140 1631 4198 mi
1665 4138 1925 4213 Auditor,
1962 4154 2019 4202 et
2047 4141 2154 4201 hoc
2190 4144 2303 4206 fine
