2667 4475
739 316 1266 389 EPISTOLA
1315 320 1607 391 XCIV.

2158 346 2241 415 91

139 444 462 517 concordia
485 452 506 483 ¹
543 468 770 542 parvae
808 471 920 531 res
955 460 1274 517 crescunt
1300 498 1320 531 ,
1364 446 1704 519 discordia
1738 454 2041 520 maximae
2080 448 2253 519 dila-

138 565 430 633 buntur.»
463 566 610 633 Hac
633 586 733 650 se,
757 562 984 633 aiebat
999 614 1023 649 ,
1055 580 1125 633 et
1147 564 1426 635 fratrem
1452 617 1471 649 ,
1506 584 1575 637 et
1600 570 1893 637 amicum
1923 568 2253 663 optimum
2301 590 2361 655 4⁷

141 680 375 748 factum.
425 680 500 751 Si
535 678 876 771 ejusmodi
924 682 1276 749 sententiae
1291 690 1339 769 ,'
1360 681 1789 753 familiariter
1831 685 1907 753 in
1950 686 2253 753 animum

141 810 394 891 receptae
414 847 433 880 ,
476 795 773 867 formant
808 819 1008 883 eum3
1050 819 1176 865 cur
1208 818 1345 865 non
1379 797 1523 865 haec
1556 820 1719 891 pars
1752 796 2203 893 philosophiae
2224 849 2248 886 ,

144 935 268 1001 quae
299 913 544 983 talibus
575 914 932 983 sententiis
966 928 1231 982 constat
1251 963 1271 996 ,
1303 910 1487 982 idem
1508 915 1723 1007 possit
1748 916 1963 983 i’Pars
1988 915 2259 983 virtutis

142 1024 466 1121 disciplina
494 1044 790 1111 constat,
823 1052 984 1123 pars
1013 1028 1497 1099 exercitatione
1534 1057 1547 1096 :
1583 1046 1653 1099 et
1680 1028 1901 1099 discas
1934 1047 2201 1124 oportet
2230 1080 2250 1115 ,

142 1161 228 1226 et,
275 1146 450 1238 quod
497 1146 841 1231 didicisti,
897 1147 1168 1241 agendo
1205 1148 1593 1218 confirmes.
1632 1146 1845 1245 Quod
1878 1150 1936 1217 si
1973 1150 2069 1217 ita
2106 1165 2207 1218 est
2229 1200 2249 1235 ,

143 1284 256 1329 non
299 1278 557 1333 tantum
613 1264 784 1335 scita
835 1264 1186 1356 sapientiae
1240 1280 1527 1357 prosunt
1550 1314 1574 1351 ,
1638 1263 1761 1334 sed
1810 1265 2014 1333 etiam
2068 1288 2259 1359 prae-

145 1392 344 1470 cepta3
385 1404 540 1473 quae
585 1380 872 1449 affectus
913 1396 1184 1449 nostros
1225 1380 1417 1451 velut
1466 1378 1691 1451 edicto
1710 1386 1736 1416 ²
1784 1394 2147 1465 coercent,
2189 1397 2261 1450 et

143 1490 390 1587 alligant
407 1490 432 1531 ³
443 1548 460 1565 .

229 1634 258 1671 ι(
285 1609 764 1705 Philosophia,
803 1606 1099 1705 inquit⁴,
1140 1610 1475 1682 dividitur
1506 1612 1583 1681 in
1605 1613 1755 1681 haec
1781 1662 1803 1695 ,
1854 1614 2205 1681 scientiam
2230 1662 2253 1701 ,
2306 1643 2372 1711 43

145 1738 200 1791 et
225 1722 518 1799 habitum
545 1720 570 1765 ⁵
607 1730 846 1799 animi.
885 1730 1082 1799 Illam
1114 1731 1236 1823 qui
1272 1729 1555 1814 didicit,
1596 1746 1669 1799 et
1698 1730 2011 1801 facienda
2048 1754 2129 1799 ac
2158 1732 2262 1801 vi-

144 1838 317 1909 tanda
365 1844 719 1938 percepit,
773 1844 1080 1914 nondum
1125 1846 1591 1939 sapiensest,
1648 1846 1783 1913 nisi
1829 1846 1903 1912 in
1942 1868 2058 1926 ea,
2108 1868 2261 1937 quae

146 1951 391 2041 didicit,
433 1961 706 2029 animus
743 1961 892 2054 ejus
925 1963 1452 2056 transfiguratus
1490 1978 1618 2031 est.
1655 1963 1893 2032 Tertia
1934 1964 2064 2031 ista
2102 1985 2263 2057 pars

144 2072 556 2165 praecipiendi
579 2069 638 2160 ⁵,
685 2099 768 2143 ex
805 2090 1100 2169 utroque
1133 2093 1280 2161 est,
1319 2092 1395 2147 et
1426 2102 1507 2147 ex
1544 2078 1879 2165 decretis,
1920 2092 1989 2146 et
2020 2100 2101 2146 ex
2134 2078 2263 2145 ha-

145 2182 271 2256 bitu

323 2214 338 2256 2
385 2192 622 2285 itaque
671 2216 1090 2286 supervacua
1139 2210 1246 2264 est
1293 2195 1385 2265 ad
1432 2196 1851 2291 implendam
1894 2195 2216 2265 virtutem
2236 2245 2255 2280 ,

147 2323 326 2389 quum
357 2303 490 2374 duo
526 2306 648 2376 illa
684 2308 1050 2378 sufficiant.
1093 2336 1126 2375 ³>
1167 2311 1304 2379 Isto
1340 2335 1509 2406 ergo
1554 2310 1757 2380 modo
1796 2326 1864 2378 et
1894 2310 2262 2378 consolatio
2311 2316 2377 2386 49

147 2519 218 2610 3³²?
238 2543 425 2580 sensnm
446 2547 582 2596 esse,
611 2529 892 2604 Agrippam
919 2531 1138 2584 minime

145 2602 388 2658 inimicitiis
399 2607 706 2662 laboravisse
714 2647 728 2674 ,
742 2623 890 2679 atque
906 2631 988 2662 om
997 2611 1140 2663 nium

143 2679 326 2747 purtim
370 2702 514 2756 aeqne
569 2686 670 2739 sibi
713 2686 1138 2741 existimationem

144 2757 471 2817 conciliavisse.
485 2763 741 2818 Praeterea
750 2767 1018 2834 publicum
1037 2767 1140 2839 pri-

144 2845 251 2888 πίε
277 2838 386 2893 vitae
403 2877 418 2904 ‚
455 2862 614 2914 quam
653 2863 760 2895 non
799 2843 1139 2900 beatissimam

145 2913 272 2971 fuisse
290 2933 462 2973 notum
487 2933 564 2976 est
585 2963 600 2989 ,
625 2925 911 2996 opponitur.

199 3013 238 3046 ι.
261 2997 400 3052 Nam
419 3003 714 3056 concordia.
744 3001 934 3056 Abesse
962 3003 1144 3059 malles

146 3071 534 3140 conjunctionem
549 3100 680 3132 nam
694 3119 710 3147 ,
729 3082 818 3133 sed
841 3093 1017 3135 tenent
1033 3102 1145 3136 eam

146 3145 243 3202 libri
267 3173 449 3207 omnes.
471 3155 638 3210 Scbw.

203 3249 242 3280 2.
277 3233 430 3286 Velut
463 3237 647 3288 edicto.
685 3235 924 3290 Allusum
971 3249 1046 3289 est
1081 3237 1148 3290 ad

147 3323 316 3393 tuorem
332 3311 434 3383 ejus
448 3313 550 3367 aevi
567 3353 582 3382 ,
605 3333 704 3384 qno
719 3315 968 3388 principes
985 3313 1149 3368 edicta

145 3403 192 3434 ln
213 3387 400 3456 publico
423 3392 808 3466 proponebant,
835 3393 1022 3466 populo
1045 3395 1146 3447 ad-

145 3468 382 3520 monendo
401 3509 416 3533 ,
461 3470 760 3543 castigando
779 3510 796 3533 ,
847 3473 1147 3526 coercendo.

147 3537 308 3595 Notavi
331 3545 393 3598 ed
419 3546 511 3601 lib.
549 3547 644 3602 Ill.
667 3547 856 3600 Annal.
877 3549 1060 3602 Taciti.
1083 3548 1145 3601 L.

150 3693 162 3706 ι
199 3619 240 3672 3·
249 3623 480 3680 coercent
493 3635 544 3679 et
553 3629 798 3696 alligant.
809 3629 986 3697 Quum
1000 3628 1148 3682 Pinc-

149 3714 194 3748 ιιι
227 3704 482 3760 nonnullis
529 3707 678 3760 codd.
717 3706 994 3762 invenisset
1027 3727 1068 3762 c.
1103 3715 1156 3762 e!

148 3775 391 3846 ablegant,
420 3795 470 3835 et
491 3783 566 3836 sic
591 3783 884 3839 Gruteriani
911 3787 1016 3839 duo
1044 3785 1149 3840 ba-

148 3847 304 3920 beant,
329 3859 478 3913 illum
501 3862 768 3936 egregium
786 3863 1016 3916 criticum
1033 3864 1148 3934 qui·-

152 3925 249 3984 dam
266 3937 418 3990 secuti
449 3951 570 3992 sunt
589 3977 604 4004 ,
629 3939 722 4010 qni
741 3939 972 4013 vulgata,
995 3960 1148 4010 quam

151 4007 284 4096 codd.
305 4027 546 4086 tutantur,
574 4018 766 4073 sublata
781 4057 798 4084 ,
812 4022 1062 4090 ablega-nt
1075 4041 1150 4074 re·

153 4103 296 4158 cipere
329 4094 558 4150 mallent-
597 4097 700 4150 Sed
741 4110 872 4152 recte
915 4099 1145 4152 Gronov.

1241 2532 1471 2586 defendit
1506 2532 1768 2606 vulgatam
1788 2569 1805 2598 ,
1847 2531 1935 2602 qui
1982 2542 2265 2605 opportune

1237 2611 1559 2679 meminerit,
1589 2609 1781 2684 placere
1800 2610 1872 2662 τό·
1896 2612 2123 2678 alligare
2144 2628 2267 2661 auc·-

1235 2687 1336 2742 tori
1353 2707 1448 2763 pro
1464 2691 1631 2759 ligare
1644 2700 1693 2741 et
1704 2689 1965 2758 colligare,
1981 2685 2069 2740 uhi
2080 2705 2265 2758 nempe

1234 2769 1316 2822 his
1342 2767 1603 2842 vulgarius
1622 2769 1833 2822 utimur.
1850 2767 2031 2820 Ruhlc.
2308 2813 2317 2824 .

1303 2851 1353 2917 4.
1374 2849 1745 2919 Philosophia,
1771 2850 1955 2920 inquit.
1974 2844 2158 2898 Aristo.
2182 2843 2263 2899 Cf.

1237 2947 1387 3001 supra
1408 2925 1475 2981 ad
1503 2927 1548 2997 S.
1582 2947 1661 2980 22.
1682 2927 1817 2997 Quia
1840 2925 2009 2978 Aristo
2034 2922 2266 2976 animum

1239 3019 1471 3060 nostrum
1496 3025 1599 3059 una
1622 3004 1881 3076 iudicandi
1905 3003 1959 3056 vi
1986 3001 2174 3073 (λογικῇ
2190 3005 2263 3056 καὶ

1241 3081 1427 3156 κριτικῇ
1460 3086 1647 3150 δυνάμι
1676 3085 1697 3150 )
1738 3081 1988 3135 contineri
2023 3079 2269 3152 putabat,

1241 3181 1400 3214 unam
1423 3179 1625 3233 quoqne
1646 3157 1809 3212 animi
1830 3158 2065 3211 virtutem
2087 3170 2268 3210 statue-

1241 3238 1330 3291 bat
1346 3275 1362 3304 ,
1404 3237 1665 3292 seientiam
1702 3235 1827 3290 boni
1868 3236 2109 3307 malique.
2145 3235 2269 3290 Haec

1244 3315 1687 3390 contemplativam
1708 3327 1897 3389 partem
1918 3313 2269 3368 constituebat.

1247 3397 1425 3450 Activa
1457 3395 1751 3460 constabat,
1790 3396 2073 3449 secundum
2112 3415 2229 3448 eum
2251 3433 2267 3460 ,
2342 3416 2347 3428 ·

1245 3473 1423 3526 habitu
1444 3472 1634 3538 animi,
1660 3474 1929 3547 prudentia
1958 3473 1979 3539 (
1992 3476 2267 3544 φρονῆσιι),

1246 3569 1361 3624 quae
1381 3563 1429 3605 ct
1444 3551 1773 3623 temperantia
1797 3551 2145 3620 (σωφροσύνη),
2164 3552 2273 3624 jus-

1241 3629 1387 3698 titia,
1412 3629 1653 3682 fortitudo
1676 3643 1953 3682 vocaretur.
1980 3629 2163 3685 Ruhk.

1313 3712 1361 3761 5.
1396 3707 1682 3762 Sciendum
1708 3719 1761 3761 et
1786 3707 2043 3762 habitum.
2076 3708 2271 3762 Scien-

1245 3787 1368 3840 tiam
1380 3825 1394 3854 ‚
1410 3803 1525 3857 quae
1543 3785 1753 3839 decretis
1774 3799 1967 3841 constat
1984 3806 1997 3840 z
2012 3786 2243 3839 habitum
2254 3825 2270 3848 ‚

1245 3864 1337 3937 qui
1374 3863 1439 3918 ab
1475 3866 1673 3917 actione
1709 3877 1759 3917 et
1788 3864 2027 3922 exercitio
2062 3865 2271 3918 illorum

1244 3955 1467 4017 paratur.
1484 3941 1635 4012 Lips.

1312 4021 1363 4072 6.
1403 4021 1579 4074 Tertia
1612 4023 1717 4074 isla
1755 4041 1889 4088 pars
1922 4020 2275 4088 principandi.

1248 4099 1345 4151 Int.
1364 4097 1509 4151 tertia
1527 4101 1618 4151 ista
1634 4119 1746 4171 pars
1764 4119 1917 4170 quam
1942 4097 2275 4172 philosophie
