2667 4475
459 308 592 394 460
1220 299 1789 373 ExcEnPTA
1905 349 1910 354 ‚

458 435 631 506 illud
656 438 839 506 enim
871 457 999 530 per
1022 431 1205 528 quod
1228 434 1408 504 bene
1435 458 1514 504 es
1530 484 1554 521 ‚
1587 456 1728 504 non
1761 447 1864 502 est
1892 435 1964 501 in
1990 433 2176 520 loce,
2205 431 2408 502 sedin
2431 429 2526 499 ho-

456 555 669 622 mine.
697 550 889 621 Nihil
916 575 1232 646 magnum
1257 599 1277 634 ‚
1308 552 1445 621 nisi
1475 573 1720 646 magno
1750 552 1976 619 animo
2011 543 2356 645 despicias.
2393 549 2525 640 Quae

458 681 616 736 sunt
644 667 951 735 maximae
971 664 1227 734 divitiae
1253 666 1283 734 Ρ
1308 689 1452 734 non
1488 661 1881 734 desiderare
1905 663 2201 734 divitias.
2227 665 2392 757 Quis
2413 661 2526 755 plu·
2597 647 2599 674 '

456 783 704 850 rimum
738 781 993 852 habet?
1020 783 1081 850 is
1110 784 1230 874 qui
1262 783 1547 851 nimium
1581 784 1800 875 cupit.
1834 779 2028 875 Quid
2059 797 2160 849 est
2185 779 2340 848 dare
2363 777 2526 844 bens·

456 897 683 965 ficium
712 898 753 965 1³«
787 899 1006 966 Deum
1044 899 1317 994 imitari..
1353 899 1719 968 Honestius
1775 912 1879 966 est
1921 921 2134 989 quum
2171 893 2526 988 judicaveris

458 1035 721 1095 amare,
763 1037 965 1104 quam
992 1037 1201 1106 quum
1236 1015 1567 1083 amaveris
1593 1012 1931 1106 judicare.
1965 1012 2304 1081 Dissentio
2326 1008 2403 1078 ab
2429 1007 2526 1074 alio

454 1129 773 1222 incipiat,
814 1152 859 1197 a
912 1143 979 1198 te
1011 1145 1238 1197 autem
1288 1128 1780 1228 reconciliatio.
1827 1130 2162 1198 succurre
2205 1122 2525 1222 paupertati

456 1244 851 1325 amicorum,
876 1243 1081 1311 immo
1098 1265 1406 1312 occurre.
1428 1241 1697 1312 Amicos
1719 1241 2034 1310 secundae
2053 1264 2164 1310 res
2183 1253 2428 1334 parant,
2443 1231 2525 1303 ad·

454 1381 667 1429 versae
718 1359 1091 1428 certissime
1138 1357 1456 1452 probant.
1495 1359 1737 1452 Pejor-a
1773 1373 1930 1429 sunt
1962 1373 2138 1427 tecta
2183 1356 2335 1426 odia
2371 1373 2524 1447 quam

456 1491 691 1569 aperta
734 1503 750 1543 ε
788 1478 1018 1570 itaque
1055 1492 1124 1544 te
1162 1477 1388 1544 minus
1422 1475 1669 1569 loquax
1703 1477 2018 1546 inimicus
2055 1472 2338 1546 offendit
2371 1492 2524 1565 quam

454 1593 721 1660 tacitus.
750 1593 931 1660 Mira
951 1593 1122 1661 ratio
1140 1606 1245 1660 est
1270 1615 1424 1683 quae
1447 1616 1586 1660 non
1613 1592 1760 1660 vult
1784 1591 2144 1687 praedicari
2161 1642 2186 1675 ,
2215 1589 2388 1684 quod
2408 1611 2524 1682 gau-

456 1703 574 1774 det
600 1707 917 1802 intelligi.
942 1709 1212 1800 Ignosci
1244 1721 1452 1792 amat,
1472 1707 1592 1799 qui
1624 1705 1808 1799 quod
1841 1706 2010 1794 odit,
2041 1705 2356 1776 ostendit.
2383 1703 2526 1770 Elee-

454 1844 733 1912 mosyna
757 1845 895 1889 non
916 1837 1049 1889 tam
1078 1820 1570 1915 accipientibus
1596 1845 1800 1913 quam
1829 1819 2148 1890 dantibus
2169 1819 2444 1915 prodest.
2469 1817 2527 1884 Et

458 1955 609 2025 spes
638 1933 901 2026 praemii
950 1933 1261 2002 solatium
1293 1934 1376 2001 fit
1407 1932 1685 2004 laboris.
1723 1933 1900 2027 Quoe
1933 1949 2037 2004 est
2077 1937 2356 2004 maxima
2379 1951 2526 2024 eges·

457 2065 560 2116 tas
590 2051 621 2118 Ρ
653 2049 963 2118 avaritia.
1004 2050 1317 2122 Pecunioe
1364 2052 1700 2145 imperare
1749 2066 2057 2144 oportet,
2115 2075 2260 2120 non
2297 2048 2522 2120 servire.

450 2166 727 2234 Nullum
786 2145 1129 2237 conscium
1197 2181 1630 2262 peccatorum
1685 2183 1957 2237 tuorum
2018 2169 2235 2261 magis
2281 2161 2528 2237 timueris

454 2308 655 2376 quam
677 2284 1131 2378 temetipsum.
1163 2283 1394 2354 Alium
1429 2299 1620 2379 potes
1655 2284 1958 2378 effugere
1979 2334 2000 2367 ,
2037 2300 2106 2352 te
2135 2299 2355 2354 autem
2391 2302 2526 2349 nun-

455 2424 682 2493 quam.
725 2399 903 2493 Quis
947 2415 1051 2469 cst
1095 2401 1411 2494 pauper?
1443 2402 1562 2493 qui
1601 2401 1734 2469 sibi
1769 2400 2066 2468 videtur.
2098 2398 2252 2492 Qui
2280 2423 2318 2467 ιι
2351 2392 2525 2465 multis

452 2518 755 2611 timetur,
788 2517 1033 2586 multos
1065 2518 1283 2587 timet.
1316 2515 1666 2585 Infelicem
1702 2515 1923 2610 erige,
1955 2513 2276 2585 submitte
2307 2512 2526 2583 felicita-

450 2650 615 2701 tem.
644 2636 822 2701 Vera
848 2633 1131 2703 felicitas
1156 2632 1547 2703 innocentia
1577 2647 1703 2701 est.
1726 2632 2099 2724 Nequitia'
2077 2654 2229 2726 ipsa
2257 2631 2356 2699 sui
2377 2644 2524 2721 poeut

450 2764 577 2817 est.
610 2748 793 2819 Mala
816 2752 1226 2820 conscientia
1252 2774 1429 2845 saepe
1457 2764 1604 2817 tuta
1629 2763 1769 2831 est,
1803 2770 2040 2816 secura
2059 2769 2418 2840 nunquam.
2441 2740 2526 2810 Li·

448 2982 707 3076 accepti
742 3006 1093 3075 nunquam
1119 2996 1387 3076 oportet
1422 2980 1728 3050 oblivisci
1753 3028 1774 3062 ,
1814 2976 1956 3047 dati
1989 2950 2328 3070 protinus.
2363 2972 2523 3043 Inho-

446 3112 639 3166 nesta
670 3098 957 3167 victoria
992 3113 1095 3167 est
1134 3121 1289 3167 suos
1329 3097 1633 3166 vincere.
1676 3097 1855 3165 Satis
1905 3110 2009 3163 est
2058 3117 2401 3188 poenarum
2425 3108 2525 3181 po·

446 3215 654 3282 tuisse
688 3215 947 3307 puniri.
985 3215 1386 3283 Inimicitias
1419 3214 1610 3281 tarde
1645 3214 1951 3306 suscipe,
1985 3213 2317 3281 amicitias
2338 3222 2522 3277 exerce

446 3328 817 3399 moderate.
860 3331 1249 3399 Simultates
1296 3330 1592 3423 depone.
1643 3330 1879 3424 Imago
1923 3329 2139 3397 animi
2185 3348 2392 3397 sermo
2425 3332 2518 3388 αἱ·

444 3445 689 3537 Qualis
724 3448 866 3529 vir,
919 3447 1073 3516 talis
1114 3448 1357 3517 oratio.
1407 3449 1659 3541 Magna
1693 3469 1801 3515 res
1839 3462 1940 3515 est
1986 3447 2174 3514 vocis
2223 3458 2293 3512 et
2322 3432 2522 3509 silentii

447 3578 1077 3656 temperamentum.
1106 3564 1251 3658 Qui
1278 3587 1474 3658 oequo
1497 3564 1722 3633 animo
1745 3562 1941 3632 malis
1965 3562 2395 3637 immiscetur,
2417 3572 2524 3620 ma·

443 3677 551 3745 lus
588 3690 716 3744 est.
752 3677 1107 3745 Neminem
1153 3676 1533 3747 laudaveris
1553 3730 1574 3766 ,
1615 3678 1958 3745 neminem
2003 3676 2140 3745 eito
2197 3664 2518 3743 accusari&

442 3814 710 3885 semper
738 3807 904 3885 puta
944 3806 1010 3862 te
1054 3817 1207 3863 oum
1236 3792 1371 3864 diis
1415 3793 1870 3864 testimonium
1897 3792 2153 3861 dicere.
2179 3790 2418 3858 Vitium
2449 3790 2524 3847 αἱ

448 3906 673 3973 omnia
700 3904 983 3977 credere
1004 3958 1023 3991 ,
1056 3909 1301 3977 vitium
1339 3906 1520 3977 nihil
1545 3904 1849 3976 credere.
1879 3904 2218 3976 Utendum
2253 3916 2350 3971 est
2377 3892 2524 3966 divi·

449 4030 565 4101 tiis
586 4078 609 4117 ,
642 4054 779 4099 non
806 4030 1247 4103 abutendum.
1282 4030 1558 4101 Nullum
1581 4029 1927 4126 putaveris
1957 4029 2176 4099 locum
2201 4027 2343 4097 sine
2367 4032 2516 4123 teste.
