<?xml version="1.0" encoding="UTF-8"?>
<!DOCTYPE html PUBLIC "-//W3C//DTD XHTML 1.0 Transitional//EN"
    "http://www.w3.org/TR/xhtml1/DTD/xhtml1-transitional.dtd">
<html xmlns="http://www.w3.org/1999/xhtml" xml:lang="en" lang="en">
 <head>
  <title>
</title>
<meta http-equiv="Content-Type" content="text/html;charset=utf-8" />
  <meta name='ocr-system' content='tesseract 3.04.00' />
  <meta name='ocr-capabilities' content='ocr_page ocr_carea ocr_par ocr_line ocrx_word'/>
</head>
<body>
  <div class='ocr_page' id='page_1' title='image "./lannaeisenecaeo04bouigoog_0041.png"; bbox 0 0 2667 4475; ppageno 0'>
   <div class='ocr_carea' id='block_1_1' title="bbox 270 1734 350 1793">
    <p class='ocr_par' dir='ltr' id='par_1_1' title="bbox 270 1734 350 1793">
     <span class='ocr_line' id='line_1_1' title="bbox 270 1734 350 1793; baseline -0.025 -8"><span class='ocrx_word' id='word_1_1' title='bbox 270 1734 350 1793; x_wconf 64' lang='lat'><strong>31,</strong></span> 
     </span>
    </p>
   </div>
   <div class='ocr_carea' id='block_1_2' title="bbox 381 315 2547 2513">
    <p class='ocr_par' dir='ltr' id='par_1_2' title="bbox 389 315 1935 405">
     <span class='ocr_line' id='line_1_2' title="bbox 389 315 1935 405; baseline -0.005 -14"><span class='ocrx_word' id='word_1_2' title='bbox 389 324 474 391; x_wconf 88' lang='lat'><strong>30</strong></span> <span class='ocrx_word' id='word_1_3' title='bbox 969 326 1048 389; x_wconf 92' lang='lat' dir='ltr'><strong>L.</strong></span> <span class='ocrx_word' id='word_1_4' title='bbox 1099 318 1455 387; x_wconf 77' lang='lat' dir='ltr'>ANNAEI</span> <span class='ocrx_word' id='word_1_5' title='bbox 1500 315 1935 405; x_wconf 75' lang='lat' dir='ltr'>SENECAE</span> 
     </span>
    </p>

    <p class='ocr_par' dir='ltr' id='par_1_3' title="bbox 385 438 2547 1122">
     <span class='ocr_line' id='line_1_3' title="bbox 387 438 2543 542; baseline -0.001 -25"><span class='ocrx_word' id='word_1_6' title='bbox 387 452 644 519; x_wconf 89' lang='lat' dir='ltr'><strong>minum</strong></span> <span class='ocrx_word' id='word_1_7' title='bbox 663 438 688 486; x_wconf 32' lang='lat'><strong>¹·</strong></span> <span class='ocrx_word' id='word_1_8' title='bbox 711 449 978 542; x_wconf 70' lang='lat' dir='ltr'><strong>singula</strong></span> <span class='ocrx_word' id='word_1_9' title='bbox 1003 449 1282 542; x_wconf 83' lang='lat' dir='ltr'>proprie</span> <span class='ocrx_word' id='word_1_10' title='bbox 1307 447 1739 540; x_wconf 77' lang='lat' dir='ltr'><strong>figurantem.</strong></span> <span class='ocrx_word' id='word_1_11' title='bbox 1758 446 1939 515; x_wconf 89' lang='lat' dir='ltr'><strong>Tum</strong></span> <span class='ocrx_word' id='word_1_12' title='bbox 1964 445 2053 514; x_wconf 90' lang='lat' dir='ltr'><strong>de</strong></span> <span class='ocrx_word' id='word_1_13' title='bbox 2070 448 2297 513; x_wconf 81' lang='lat' dir='ltr'><strong>animo</strong></span> <span class='ocrx_word' id='word_1_14' title='bbox 2322 450 2543 539; x_wconf 80' lang='lat' dir='ltr'><strong>coepit</strong></span> 
     </span>
     <span class='ocr_line' id='line_1_4' title="bbox 385 561 2537 659; baseline -0.001 -25"><span class='ocrx_word' id='word_1_15' title='bbox 385 568 771 659; x_wconf 81' lang='lat' dir='ltr'><strong>inquirere,</strong></span> <span class='ocrx_word' id='word_1_16' title='bbox 811 566 994 635; x_wconf 88' lang='lat' dir='ltr'><strong>unde</strong></span> <span class='ocrx_word' id='word_1_17' title='bbox 1029 580 1238 647; x_wconf 84' lang='lat' dir='ltr'><strong>esset,</strong></span> <span class='ocrx_word' id='word_1_18' title='bbox 1274 562 1441 645; x_wconf 90' lang='lat' dir='ltr'><strong>ubi,</strong></span> <span class='ocrx_word' id='word_1_19' title='bbox 1484 561 1809 654; x_wconf 84' lang='lat' dir='ltr'>quamdiu</span> <span class='ocrx_word' id='word_1_20' title='bbox 1830 612 1849 644; x_wconf 90' lang='lat'><strong>,</strong></span> <span class='ocrx_word' id='word_1_21' title='bbox 1884 564 1957 629; x_wconf 90' lang='lat' dir='ltr'><strong>in</strong></span> <span class='ocrx_word' id='word_1_22' title='bbox 1984 577 2153 654; x_wconf 90' lang='lat' dir='ltr'><strong>quot</strong></span> <span class='ocrx_word' id='word_1_23' title='bbox 2184 562 2537 631; x_wconf 75' lang='lat' dir='ltr'><strong>’membra</strong></span> 
     </span>
     <span class='ocr_line' id='line_1_5' title="bbox 387 670 2547 773; baseline -0.002 -22"><span class='ocrx_word' id='word_1_24' title='bbox 387 680 667 751; x_wconf 84' lang='lat' dir='ltr'><strong>divisus.</strong></span> <span class='ocrx_word' id='word_1_25' title='bbox 717 681 984 751; x_wconf 83' lang='lat' dir='ltr'><strong>Deinde</strong></span> <span class='ocrx_word' id='word_1_26' title='bbox 1021 706 1060 749; x_wconf 91' lang='lat' dir='ltr'>a</span> <span class='ocrx_word' id='word_1_27' title='bbox 1103 678 1505 773; x_wconf 85' lang='lat' dir='ltr'><strong>corporibus</strong></span> <span class='ocrx_word' id='word_1_28' title='bbox 1526 670 1549 713; x_wconf 78' lang='lat'>³</span> <span class='ocrx_word' id='word_1_29' title='bbox 1592 702 1665 746; x_wconf 86' lang='lat' dir='ltr'><strong>se</strong></span> <span class='ocrx_word' id='word_1_30' title='bbox 1697 675 1787 745; x_wconf 85' lang='lat' dir='ltr'><strong>ad</strong></span> <span class='ocrx_word' id='word_1_31' title='bbox 1826 678 2278 769; x_wconf 83' lang='lat' dir='ltr'><strong>incorporalia</strong></span> <span class='ocrx_word' id='word_1_32' title='bbox 2310 695 2547 747; x_wconf 74' lang='lat' dir='ltr'><strong>tmus-</strong></span> 
     </span>
     <span class='ocr_line' id='line_1_6' title="bbox 386 793 2533 889; baseline -0.001 -24"><span class='ocrx_word' id='word_1_33' title='bbox 386 798 578 881; x_wconf 91' lang='lat' dir='ltr'><strong>tulit,</strong></span> <span class='ocrx_word' id='word_1_34' title='bbox 603 800 1092 889; x_wconf 82' lang='lat' dir='ltr'><strong>veritatemque</strong></span> <span class='ocrx_word' id='word_1_35' title='bbox 1117 812 1186 864; x_wconf 91' lang='lat' dir='ltr'><strong>et</strong></span> <span class='ocrx_word' id='word_1_36' title='bbox 1205 809 1607 887; x_wconf 81' lang='lat' dir='ltr'><strong>argumenta</strong></span> <span class='ocrx_word' id='word_1_37' title='bbox 1626 793 1775 885; x_wconf 87' lang='lat' dir='ltr'><strong>ejus</strong></span> <span class='ocrx_word' id='word_1_38' title='bbox 1792 796 2085 861; x_wconf 74' lang='lat' dir='ltr'><strong>excussit</strong></span> <span class='ocrx_word' id='word_1_39' title='bbox 2118 820 2133 857; x_wconf 74' lang='grc' dir='ltr'><strong><em>ε</em></strong></span> <span class='ocrx_word' id='word_1_40' title='bbox 2162 810 2316 886; x_wconf 84' lang='lat' dir='ltr'><strong>post</strong></span> <span class='ocrx_word' id='word_1_41' title='bbox 2342 795 2493 863; x_wconf 81' lang='lat' dir='ltr'><strong>haec</strong></span> <span class='ocrx_word' id='word_1_42' title='bbox 2506 846 2533 879; x_wconf 86' lang='lat'><strong>,</strong></span> 
     </span>
     <span class='ocr_line' id='line_1_7' title="bbox 386 901 2537 1005; baseline -0.003 -24"><span class='ocrx_word' id='word_1_43' title='bbox 386 912 946 1005; x_wconf 82' lang='lat' dir='ltr'><strong>quemadmodum</strong></span> <span class='ocrx_word' id='word_1_44' title='bbox 965 913 1519 980; x_wconf 74' lang='lat' dir='ltr'><strong>discernerentur</strong></span> <span class='ocrx_word' id='word_1_45' title='bbox 1548 910 1703 977; x_wconf 80' lang='lat' dir='ltr'><strong>vitae</strong></span> <span class='ocrx_word' id='word_1_46' title='bbox 1728 932 1809 976; x_wconf 86' lang='lat' dir='ltr'><strong>ac</strong></span> <span class='ocrx_word' id='word_1_47' title='bbox 1835 909 2018 976; x_wconf 82' lang='lat' dir='ltr'><strong>vocis</strong></span> <span class='ocrx_word' id='word_1_48' title='bbox 2044 901 2435 1001; x_wconf 78' lang='lat' dir='ltr'><strong>ambigua⁴3</strong></span> <span class='ocrx_word' id='word_1_49' title='bbox 2456 912 2537 976; x_wconf 90' lang='lat' dir='ltr'><strong>in</strong></span> 
     </span>
     <span class='ocr_line' id='line_1_8' title="bbox 386 1028 1869 1122; baseline -0.004 -25"><span class='ocrx_word' id='word_1_50' title='bbox 386 1045 674 1122; x_wconf 86' lang='lat' dir='ltr'><strong>utraque</strong></span> <span class='ocrx_word' id='word_1_51' title='bbox 709 1033 892 1098; x_wconf 88' lang='lat' dir='ltr'><strong>enim</strong></span> <span class='ocrx_word' id='word_1_52' title='bbox 928 1029 1093 1097; x_wconf 78' lang='lat' dir='ltr'><strong>falsa</strong></span> <span class='ocrx_word' id='word_1_53' title='bbox 1127 1030 1310 1095; x_wconf 80' lang='lat' dir='ltr'><strong>veris</strong></span> <span class='ocrx_word' id='word_1_54' title='bbox 1346 1028 1647 1093; x_wconf 76' lang='lat' dir='ltr'><strong>immixta</strong></span> <span class='ocrx_word' id='word_1_55' title='bbox 1686 1040 1869 1093; x_wconf 89' lang='lat' dir='ltr'><strong>sunt.</strong></span> 
     </span>
    </p>

    <p class='ocr_par' dir='ltr' id='par_1_4' title="bbox 381 1137 2543 2513">
     <span class='ocr_line' id='line_1_9' title="bbox 479 1137 2543 1233; baseline -0.001 -20"><span class='ocrx_word' id='word_1_56' title='bbox 479 1149 632 1213; x_wconf 86' lang='lat' dir='ltr'><strong>Non</strong></span> <span class='ocrx_word' id='word_1_57' title='bbox 663 1137 1014 1229; x_wconf 82' lang='lat' dir='ltr'><strong>abduxit⁵,</strong></span> <span class='ocrx_word' id='word_1_58' title='bbox 1058 1146 1336 1233; x_wconf 78' lang='lat' dir='ltr'><strong>inquam</strong></span> <span class='ocrx_word' id='word_1_59' title='bbox 1357 1190 1379 1226; x_wconf 87' lang='lat'><strong>,</strong></span> <span class='ocrx_word' id='word_1_60' title='bbox 1418 1164 1491 1209; x_wconf 87' lang='lat' dir='ltr'><strong>se</strong></span> <span class='ocrx_word' id='word_1_61' title='bbox 1513 1191 1536 1225; x_wconf 92' lang='lat'><strong>,</strong></span> <span class='ocrx_word' id='word_1_62' title='bbox 1581 1157 1659 1207; x_wconf 83' lang='lat' dir='ltr'><strong>ut</strong></span> <span class='ocrx_word' id='word_1_63' title='bbox 1694 1141 2059 1209; x_wconf 89' lang='lat' dir='ltr'><strong>Posidonio</strong></span> <span class='ocrx_word' id='word_1_64' title='bbox 2090 1139 2401 1223; x_wconf 83' lang='lat' dir='ltr'><strong>videtur,</strong></span> <span class='ocrx_word' id='word_1_65' title='bbox 2444 1144 2543 1211; x_wconf 82' lang='lat' dir='ltr'><strong>ab</strong></span> 
     </span>
     <span class='ocr_line' id='line_1_10' title="bbox 384 1255 2541 1352; baseline -0 -24"><span class='ocrx_word' id='word_1_66' title='bbox 384 1262 532 1329; x_wconf 84' lang='lat' dir='ltr'><strong>istis</strong></span> <span class='ocrx_word' id='word_1_67' title='bbox 553 1261 815 1329; x_wconf 84' lang='lat' dir='ltr'><strong>artibus</strong></span> <span class='ocrx_word' id='word_1_68' title='bbox 839 1260 1148 1352; x_wconf 78' lang='lat' dir='ltr'><strong>Sapiens,</strong></span> <span class='ocrx_word' id='word_1_69' title='bbox 1177 1255 1415 1325; x_wconf 65' lang='lat' dir='ltr'><strong>sednd</strong></span> <span class='ocrx_word' id='word_1_70' title='bbox 1442 1255 1593 1323; x_wconf 79' lang='lat' dir='ltr'><strong>illas</strong></span> <span class='ocrx_word' id='word_1_71' title='bbox 1625 1255 1899 1323; x_wconf 86' lang='lat' dir='ltr'><strong>omnino</strong></span> <span class='ocrx_word' id='word_1_72' title='bbox 1928 1280 2065 1324; x_wconf 86' lang='lat' dir='ltr'><strong>non</strong></span> <span class='ocrx_word' id='word_1_73' title='bbox 2094 1259 2309 1325; x_wconf 81' lang='lat' dir='ltr'><strong>venit.</strong></span> <span class='ocrx_word' id='word_1_74' title='bbox 2338 1260 2541 1327; x_wconf 83' lang='lat' dir='ltr'><strong>Nihil</strong></span> 
     </span>
     <span class='ocr_line' id='line_1_11' title="bbox 381 1369 2537 1469; baseline -0.001 -24"><span class='ocrx_word' id='word_1_75' title='bbox 381 1379 568 1453; x_wconf 81' lang='lat' dir='ltr'><strong>enim</strong></span> <span class='ocrx_word' id='word_1_76' title='bbox 611 1376 894 1469; x_wconf 82' lang='lat' dir='ltr'><strong>dignum</strong></span> <span class='ocrx_word' id='word_1_77' title='bbox 930 1377 1214 1442; x_wconf 76' lang='lat' dir='ltr'><strong>inventu</strong></span> <span class='ocrx_word' id='word_1_78' title='bbox 1239 1370 1645 1463; x_wconf 76' lang='lat' dir='ltr'><strong>judicasset,</strong></span> <span class='ocrx_word' id='word_1_79' title='bbox 1686 1369 1873 1461; x_wconf 89' lang='lat' dir='ltr'><strong>quod</strong></span> <span class='ocrx_word' id='word_1_80' title='bbox 1902 1394 2039 1440; x_wconf 88' lang='lat' dir='ltr'><strong>non</strong></span> <span class='ocrx_word' id='word_1_81' title='bbox 2070 1390 2219 1441; x_wconf 80' lang='lat' dir='ltr'><strong>erat</strong></span> <span class='ocrx_word' id='word_1_82' title='bbox 2242 1374 2537 1467; x_wconf 82' lang='lat' dir='ltr'><strong>dignum</strong></span> 
     </span>
     <span class='ocr_line' id='line_1_12' title="bbox 382 1484 2538 1584; baseline -0 -26"><span class='ocrx_word' id='word_1_83' title='bbox 382 1507 714 1584; x_wconf 87' lang='lat' dir='ltr'><strong>perpetuo</strong></span> <span class='ocrx_word' id='word_1_84' title='bbox 728 1514 854 1557; x_wconf 88' lang='lat' dir='ltr'><strong>usu</strong></span> <span class='ocrx_word' id='word_1_85' title='bbox 866 1488 1298 1580; x_wconf 85' lang='lat' dir='ltr'><strong>judicaturus</strong></span> <span class='ocrx_word' id='word_1_86' title='bbox 1313 1514 1332 1570; x_wconf 83' lang='lat'><em>3</em></span> <span class='ocrx_word' id='word_1_87' title='bbox 1359 1484 1675 1577; x_wconf 85' lang='lat' dir='ltr'><strong>ponenda</strong></span> <span class='ocrx_word' id='word_1_88' title='bbox 1690 1509 1829 1552; x_wconf 92' lang='lat' dir='ltr'><strong>non</strong></span> <span class='ocrx_word' id='word_1_89' title='bbox 1852 1503 2171 1553; x_wconf 84' lang='lat' dir='ltr'><strong>sumeret.</strong></span> <span class='ocrx_word' id='word_1_90' title='bbox 2184 1528 2269 1541; x_wconf 91' lang='lat'><strong>--</strong></span> <span class='ocrx_word' id='word_1_91' title='bbox 2290 1514 2323 1551; x_wconf 79' lang='grc' dir='ltr'>α</span> <span class='ocrx_word' id='word_1_92' title='bbox 2340 1490 2538 1557; x_wconf 80' lang='lat' dir='ltr'><strong>Ana-</strong></span> 
     </span>
     <span class='ocr_line' id='line_1_13' title="bbox 384 1599 2539 1698; baseline -0.002 -21"><span class='ocrx_word' id='word_1_93' title='bbox 384 1599 712 1691; x_wconf 78' lang='lat' dir='ltr'><strong>charsis⁶,</strong></span> <span class='ocrx_word' id='word_1_94' title='bbox 743 1608 968 1698; x_wconf 91' lang='lat' dir='ltr'><strong>inquit</strong></span> <span class='ocrx_word' id='word_1_95' title='bbox 989 1656 1006 1681; x_wconf 86' lang='lat'><strong>,</strong></span> <span class='ocrx_word' id='word_1_96' title='bbox 1047 1605 1309 1691; x_wconf 79' lang='lat' dir='ltr'><strong>invenit</strong></span> <span class='ocrx_word' id='word_1_97' title='bbox 1333 1618 1549 1670; x_wconf 84' lang='lat' dir='ltr'><strong>rotam</strong></span> <span class='ocrx_word' id='word_1_98' title='bbox 1582 1601 1777 1695; x_wconf 81' lang='lat' dir='ltr'><strong>figuli</strong></span> <span class='ocrx_word' id='word_1_99' title='bbox 1802 1649 1823 1684; x_wconf 95' lang='lat'><strong>,</strong></span> <span class='ocrx_word' id='word_1_100' title='bbox 1856 1602 2051 1694; x_wconf 85' lang='lat' dir='ltr'><strong>cujus</strong></span> <span class='ocrx_word' id='word_1_101' title='bbox 2068 1604 2539 1673; x_wconf 80' lang='lat' dir='ltr'><strong>circuituvasa</strong></span> 
     </span>
     <span class='ocr_line' id='line_1_14' title="bbox 385 1716 2541 1811; baseline -0.001 -20"><span class='ocrx_word' id='word_1_102' title='bbox 385 1724 832 1791; x_wconf 80' lang='lat' dir='ltr'><strong>formantur.»</strong></span> <span class='ocrx_word' id='word_1_103' title='bbox 864 1719 1166 1801; x_wconf 88' lang='lat' dir='ltr'><strong>Deinde,</strong></span> <span class='ocrx_word' id='word_1_104' title='bbox 1202 1722 1363 1811; x_wconf 84' lang='lat' dir='ltr'><strong>quia</strong></span> <span class='ocrx_word' id='word_1_105' title='bbox 1396 1716 1580 1811; x_wconf 84' lang='lat' dir='ltr'><strong>apud</strong></span> <span class='ocrx_word' id='word_1_106' title='bbox 1616 1720 2023 1785; x_wconf 89' lang='lat' dir='ltr'><strong>Homerum⁷</strong></span> <span class='ocrx_word' id='word_1_107' title='bbox 2062 1720 2411 1788; x_wconf 81' lang='lat' dir='ltr'><strong>invenitur</strong></span> <span class='ocrx_word' id='word_1_108' title='bbox 2438 1722 2541 1789; x_wconf 81' lang='lat' dir='ltr'><strong>fi·-</strong></span> 
     </span>
     <span class='ocr_line' id='line_1_15' title="bbox 389 1834 2527 1930; baseline -0.001 -24"><span class='ocrx_word' id='word_1_109' title='bbox 389 1838 532 1930; x_wconf 81' lang='lat' dir='ltr'><strong>guli</strong></span> <span class='ocrx_word' id='word_1_110' title='bbox 552 1854 700 1905; x_wconf 85' lang='lat' dir='ltr'><strong>rota</strong></span> <span class='ocrx_word' id='word_1_111' title='bbox 715 1888 736 1917; x_wconf 94' lang='lat'><strong>,</strong></span> <span class='ocrx_word' id='word_1_112' title='bbox 763 1836 1020 1905; x_wconf 80' lang='lat' dir='ltr'><strong>mavult</strong></span> <span class='ocrx_word' id='word_1_113' title='bbox 1037 1836 1260 1904; x_wconf 81' lang='lat' dir='ltr'><strong>videri</strong></span> <span class='ocrx_word' id='word_1_114' title='bbox 1284 1858 1520 1904; x_wconf 81' lang='lat' dir='ltr'><strong>versus</strong></span> <span class='ocrx_word' id='word_1_115' title='bbox 1540 1834 1739 1903; x_wconf 84' lang='lat' dir='ltr'><strong>falsos</strong></span> <span class='ocrx_word' id='word_1_116' title='bbox 1762 1858 1908 1902; x_wconf 84' lang='lat' dir='ltr'><strong>esse</strong></span> <span class='ocrx_word' id='word_1_117' title='bbox 1925 1884 1944 1918; x_wconf 98' lang='lat'><strong>,</strong></span> <span class='ocrx_word' id='word_1_118' title='bbox 1966 1858 2169 1926; x_wconf 83' lang='lat' dir='ltr'><strong>quam</strong></span> <span class='ocrx_word' id='word_1_119' title='bbox 2198 1836 2495 1904; x_wconf 82' lang='lat' dir='ltr'><strong>fabulam</strong></span> <span class='ocrx_word' id='word_1_120' title='bbox 2510 1889 2527 1903; x_wconf 92' lang='lat'><strong>.</strong></span> 
     </span>
     <span class='ocr_line' id='line_1_16' title="bbox 383 1952 2530 2048; baseline -0 -25"><span class='ocrx_word' id='word_1_121' title='bbox 383 1960 528 2048; x_wconf 83' lang='lat' dir='ltr'><strong>Ego</strong></span> <span class='ocrx_word' id='word_1_122' title='bbox 556 1978 682 2023; x_wconf 87' lang='lat' dir='ltr'><strong>nec</strong></span> <span class='ocrx_word' id='word_1_123' title='bbox 709 1954 1132 2023; x_wconf 80' lang='lat' dir='ltr'><strong>Anacharsin</strong></span> <span class='ocrx_word' id='word_1_124' title='bbox 1165 1968 1515 2021; x_wconf 79' lang='lat' dir='ltr'><strong>auctorem</strong></span> <span class='ocrx_word' id='word_1_125' title='bbox 1545 1953 1750 2045; x_wconf 81' lang='lat' dir='ltr'><strong>hujus</strong></span> <span class='ocrx_word' id='word_1_126' title='bbox 1778 1954 1881 2019; x_wconf 88' lang='lat' dir='ltr'><strong>rei</strong></span> <span class='ocrx_word' id='word_1_127' title='bbox 1912 1952 2121 2019; x_wconf 81' lang='lat' dir='ltr'><strong>fuisse</strong></span> <span class='ocrx_word' id='word_1_128' title='bbox 2146 1954 2530 2041; x_wconf 79' lang='lat' dir='ltr'><strong>contendo3</strong></span> 
     </span>
     <span class='ocr_line' id='line_1_17' title="bbox 385 2067 2533 2163; baseline -0.001 -22"><span class='ocrx_word' id='word_1_129' title='bbox 385 2086 452 2141; x_wconf 90' lang='lat' dir='ltr'><strong>et</strong></span> <span class='ocrx_word' id='word_1_130' title='bbox 473 2121 491 2151; x_wconf 95' lang='lat'>‚</span> <span class='ocrx_word' id='word_1_131' title='bbox 517 2073 574 2138; x_wconf 85' lang='lat' dir='ltr'><strong>si</strong></span> <span class='ocrx_word' id='word_1_132' title='bbox 595 2071 754 2153; x_wconf 87' lang='lat' dir='ltr'><strong>fuit,</strong></span> <span class='ocrx_word' id='word_1_133' title='bbox 791 2072 1058 2163; x_wconf 84' lang='lat' dir='ltr'><strong>sapiens</strong></span> <span class='ocrx_word' id='word_1_134' title='bbox 1090 2070 1367 2162; x_wconf 88' lang='lat' dir='ltr'><strong>quidem</strong></span> <span class='ocrx_word' id='word_1_135' title='bbox 1406 2070 1539 2137; x_wconf 90' lang='lat' dir='ltr'><strong>hoc</strong></span> <span class='ocrx_word' id='word_1_136' title='bbox 1566 2070 1863 2152; x_wconf 80' lang='lat' dir='ltr'><strong>invenit,</strong></span> <span class='ocrx_word' id='word_1_137' title='bbox 1896 2067 2016 2136; x_wconf 86' lang='lat' dir='ltr'><strong>sed</strong></span> <span class='ocrx_word' id='word_1_138' title='bbox 2042 2092 2181 2137; x_wconf 90' lang='lat' dir='ltr'><strong>non</strong></span> <span class='ocrx_word' id='word_1_139' title='bbox 2208 2086 2533 2162; x_wconf 88' lang='lat' dir='ltr'><strong>tanquam</strong></span> 
     </span>
     <span class='ocr_line' id='line_1_18' title="bbox 385 2186 2531 2280; baseline 0.001 -26"><span class='ocrx_word' id='word_1_140' title='bbox 385 2188 689 2280; x_wconf 71' lang='lat' dir='ltr'><strong>sapien83</strong></span> <span class='ocrx_word' id='word_1_141' title='bbox 721 2188 898 2255; x_wconf 84' lang='lat' dir='ltr'><strong>sicut</strong></span> <span class='ocrx_word' id='word_1_142' title='bbox 926 2186 1132 2255; x_wconf 79' lang='lat' dir='ltr'><strong>multa</strong></span> <span class='ocrx_word' id='word_1_143' title='bbox 1157 2188 1495 2280; x_wconf 79' lang='lat' dir='ltr'><strong>sapientes</strong></span> <span class='ocrx_word' id='word_1_144' title='bbox 1520 2186 1810 2269; x_wconf 84' lang='lat' dir='ltr'><strong>faciunt,</strong></span> <span class='ocrx_word' id='word_1_145' title='bbox 1841 2208 1975 2277; x_wconf 82' lang='lat' dir='ltr'><strong>qua</strong></span> <span class='ocrx_word' id='word_1_146' title='bbox 1999 2186 2314 2256; x_wconf 83' lang='lat' dir='ltr'><strong>homines</strong></span> <span class='ocrx_word' id='word_1_147' title='bbox 2332 2204 2492 2256; x_wconf 87' lang='lat' dir='ltr'><strong>sunt</strong></span> <span class='ocrx_word' id='word_1_148' title='bbox 2506 2237 2531 2273; x_wconf 89' lang='lat'><strong>,</strong></span> 
     </span>
     <span class='ocr_line' id='line_1_19' title="bbox 385 2301 2530 2397; baseline -0.001 -27"><span class='ocrx_word' id='word_1_149' title='bbox 385 2327 532 2370; x_wconf 78' lang='lat' dir='ltr'><strong>non</strong></span> <span class='ocrx_word' id='word_1_150' title='bbox 575 2327 712 2395; x_wconf 81' lang='lat' dir='ltr'><strong>qua</strong></span> <span class='ocrx_word' id='word_1_151' title='bbox 759 2305 1123 2397; x_wconf 82' lang='lat' dir='ltr'><strong>sapientes.</strong></span> <span class='ocrx_word' id='word_1_152' title='bbox 1167 2305 1339 2370; x_wconf 83' lang='lat' dir='ltr'><strong>Puta</strong></span> <span class='ocrx_word' id='word_1_153' title='bbox 1373 2301 1869 2370; x_wconf 82' lang='lat' dir='ltr'><strong>velocissimum</strong></span> <span class='ocrx_word' id='word_1_154' title='bbox 1916 2325 2063 2370; x_wconf 85' lang='lat' dir='ltr'><strong>esse</strong></span> <span class='ocrx_word' id='word_1_155' title='bbox 2104 2304 2479 2396; x_wconf 75' lang='lat' dir='ltr'><strong>sapientem</strong></span> <span class='ocrx_word' id='word_1_156' title='bbox 2514 2329 2530 2368; x_wconf 90' lang='lat'><strong>:</strong></span> 
     </span>
     <span class='ocr_line' id='line_1_20' title="bbox 386 2417 2529 2513; baseline 0 -27"><span class='ocrx_word' id='word_1_157' title='bbox 386 2443 591 2488; x_wconf 84' lang='lat' dir='ltr'><strong>cursu</strong></span> <span class='ocrx_word' id='word_1_158' title='bbox 636 2427 868 2488; x_wconf 84' lang='lat' dir='ltr'><strong>omnes</strong></span> <span class='ocrx_word' id='word_1_159' title='bbox 907 2417 1200 2487; x_wconf 72' lang='lat' dir='ltr'><strong>anteibit</strong></span> <span class='ocrx_word' id='word_1_160' title='bbox 1223 2469 1244 2501; x_wconf 94' lang='lat'><strong>,</strong></span> <span class='ocrx_word' id='word_1_161' title='bbox 1289 2443 1426 2510; x_wconf 83' lang='lat' dir='ltr'><strong>qua</strong></span> <span class='ocrx_word' id='word_1_162' title='bbox 1462 2417 1655 2486; x_wconf 80' lang='lat' dir='ltr'><strong>velox</strong></span> <span class='ocrx_word' id='word_1_163' title='bbox 1692 2433 1829 2504; x_wconf 84' lang='lat' dir='ltr'><strong>est,</strong></span> <span class='ocrx_word' id='word_1_164' title='bbox 1876 2441 2013 2486; x_wconf 86' lang='lat' dir='ltr'><strong>non</strong></span> <span class='ocrx_word' id='word_1_165' title='bbox 2054 2442 2190 2509; x_wconf 81' lang='lat' dir='ltr'><strong>qua</strong></span> <span class='ocrx_word' id='word_1_166' title='bbox 2226 2423 2529 2513; x_wconf 80' lang='lat' dir='ltr'><strong>sapiens.</strong></span> 
     </span>
    </p>
   </div>
   <div class='ocr_carea' id='block_1_3' title="bbox 387 2665 1415 4123">
    <p class='ocr_par' dir='ltr' id='par_1_5' title="bbox 387 2665 1414 3045">
     <span class='ocr_line' id='line_1_21' title="bbox 387 2665 1412 2739; baseline -0.001 -20"><span class='ocrx_word' id='word_1_167' title='bbox 387 2667 610 2739; x_wconf 73' lang='lat' dir='ltr'><strong>porslem</strong></span> <span class='ocrx_word' id='word_1_168' title='bbox 626 2668 766 2720; x_wconf 79' lang='lat' dir='ltr'><strong>illam</strong></span> <span class='ocrx_word' id='word_1_169' title='bbox 780 2668 1032 2720; x_wconf 81' lang='lat' dir='ltr'><strong>rationem</strong></span> <span class='ocrx_word' id='word_1_170' title='bbox 1046 2707 1060 2732; x_wconf 91' lang='lat'><strong>,</strong></span> <span class='ocrx_word' id='word_1_171' title='bbox 1081 2667 1142 2720; x_wconf 84' lang='lat' dir='ltr'><strong>de</strong></span> <span class='ocrx_word' id='word_1_172' title='bbox 1158 2687 1257 2737; x_wconf 80' lang='lat' dir='ltr'><strong>qua</strong></span> <span class='ocrx_word' id='word_1_173' title='bbox 1275 2665 1412 2738; x_wconf 84' lang='lat' dir='ltr'>Phy-</span> 
     </span>
     <span class='ocr_line' id='line_1_22' title="bbox 387 2745 1413 2805; baseline 0 -9"><span class='ocrx_word' id='word_1_174' title='bbox 387 2745 502 2798; x_wconf 84' lang='lat' dir='ltr'><strong>siol.</strong></span> <span class='ocrx_word' id='word_1_175' title='bbox 532 2766 576 2798; x_wconf 89' lang='grc' dir='ltr'><strong>ι.</strong></span> <span class='ocrx_word' id='word_1_176' title='bbox 599 2747 732 2798; x_wconf 85' lang='lat' dir='ltr'><strong>Diss.</strong></span> <span class='ocrx_word' id='word_1_177' title='bbox 759 2762 855 2798; x_wconf 75' lang='lat' dir='ltr'><strong>vn.</strong></span> <span class='ocrx_word' id='word_1_178' title='bbox 897 2747 1018 2798; x_wconf 76' lang='lat' dir='ltr'><strong>Tote&#39;</strong></span> <span class='ocrx_word' id='word_1_179' title='bbox 1045 2760 1210 2800; x_wconf 81' lang='lat' dir='ltr'><strong>autem</strong></span> <span class='ocrx_word' id='word_1_180' title='bbox 1253 2747 1302 2797; x_wconf 90' lang='lat' dir='ltr'><strong>id</strong></span> <span class='ocrx_word' id='word_1_181' title='bbox 1340 2758 1413 2805; x_wconf 80' lang='lat' dir='ltr'><strong>est</strong></span> 
     </span>
     <span class='ocr_line' id='line_1_23' title="bbox 389 2821 1414 2894; baseline -0.002 -18"><span class='ocrx_word' id='word_1_182' title='bbox 389 2821 611 2876; x_wconf 79' lang='lat' dir='ltr'><strong>Mundo.</strong></span> <span class='ocrx_word' id='word_1_183' title='bbox 642 2825 776 2876; x_wconf 75' lang='lat' dir='ltr'><strong>Nam</strong></span> <span class='ocrx_word' id='word_1_184' title='bbox 802 2822 988 2875; x_wconf 85' lang='lat' dir='ltr'><strong>stoicus</strong></span> <span class='ocrx_word' id='word_1_185' title='bbox 1008 2843 1173 2875; x_wconf 86' lang='lat' dir='ltr'><strong>sermo</strong></span> <span class='ocrx_word' id='word_1_186' title='bbox 1195 2822 1414 2894; x_wconf 70' lang='lat' dir='ltr'><strong>disparat</strong></span> 
     </span>
     <span class='ocr_line' id='line_1_24' title="bbox 387 2899 1413 2972; baseline 0 -20"><span class='ocrx_word' id='word_1_187' title='bbox 387 2899 488 2953; x_wconf 85' lang='lat' dir='ltr'><strong>boc</strong></span> <span class='ocrx_word' id='word_1_188' title='bbox 503 2899 566 2953; x_wconf 72' lang='lat' dir='ltr'><strong>ab</strong></span> <span class='ocrx_word' id='word_1_189' title='bbox 585 2903 834 2953; x_wconf 64' lang='lat' dir='ltr'><strong>uniuerso.</strong></span> <span class='ocrx_word' id='word_1_190' title='bbox 857 2903 962 2953; x_wconf 88' lang='lat' dir='ltr'><strong>Nos</strong></span> <span class='ocrx_word' id='word_1_191' title='bbox 981 2921 1184 2970; x_wconf 85' lang='lat' dir='ltr'><strong>quoque</strong></span> <span class='ocrx_word' id='word_1_192' title='bbox 1200 2901 1256 2953; x_wconf 85' lang='lat' dir='ltr'><strong>in</strong></span> <span class='ocrx_word' id='word_1_193' title='bbox 1273 2900 1413 2972; x_wconf 84' lang='lat' dir='ltr'><strong>Phy-</strong></span> 
     </span>
     <span class='ocr_line' id='line_1_25' title="bbox 387 2975 1054 3045; baseline 0.001 -16"><span class='ocrx_word' id='word_1_194' title='bbox 387 2975 498 3029; x_wconf 82' lang='lat' dir='ltr'><strong>siol.</strong></span> <span class='ocrx_word' id='word_1_195' title='bbox 515 2978 566 3028; x_wconf 86' lang='lat'><strong>11</strong></span> <span class='ocrx_word' id='word_1_196' title='bbox 585 2978 706 3030; x_wconf 86' lang='lat' dir='ltr'><strong>Diss</strong></span> <span class='ocrx_word' id='word_1_197' title='bbox 714 2990 804 3030; x_wconf 86' lang='lat' dir='ltr'><strong>ert.</strong></span> <span class='ocrx_word' id='word_1_198' title='bbox 823 2993 872 3028; x_wconf 75' lang='lat' dir='ltr'><strong>v.</strong></span> <span class='ocrx_word' id='word_1_199' title='bbox 903 2977 1054 3045; x_wconf 81' lang='lat' dir='ltr'><strong>Lips.</strong></span> 
     </span>
    </p>

    <p class='ocr_par' dir='ltr' id='par_1_6' title="bbox 389 3055 1411 3281">
     <span class='ocr_line' id='line_1_26' title="bbox 463 3055 1411 3122; baseline 0 -16"><span class='ocrx_word' id='word_1_200' title='bbox 463 3074 504 3106; x_wconf 85' lang='lat'><strong>1.</strong></span> <span class='ocrx_word' id='word_1_201' title='bbox 527 3057 654 3108; x_wconf 78' lang='lat' dir='ltr'><strong>Vim</strong></span> <span class='ocrx_word' id='word_1_202' title='bbox 673 3058 912 3109; x_wconf 77' lang='lat' dir='ltr'><strong>onmium</strong></span> <span class='ocrx_word' id='word_1_203' title='bbox 925 3059 1200 3108; x_wconf 69' lang='lat' dir='ltr'><strong>sentinam,</strong></span> <span class='ocrx_word' id='word_1_204' title='bbox 1212 3055 1294 3108; x_wconf 84' lang='lat' dir='ltr'><strong>De</strong></span> <span class='ocrx_word' id='word_1_205' title='bbox 1305 3073 1411 3122; x_wconf 75' lang='lat' dir='ltr'><strong>qne</strong></span> 
     </span>
     <span class='ocr_line' id='line_1_27' title="bbox 389 3132 1410 3205; baseline 0 -21"><span class='ocrx_word' id='word_1_206' title='bbox 389 3133 504 3184; x_wconf 77' lang='lat' dir='ltr'><strong>vide</strong></span> <span class='ocrx_word' id='word_1_207' title='bbox 533 3133 830 3205; x_wconf 74' lang='lat' dir='ltr'><strong>physiolog.</strong></span> <span class='ocrx_word' id='word_1_208' title='bbox 857 3135 1013 3189; x_wconf 86' lang='lat' dir='ltr'><strong>Stoic.</strong></span> <span class='ocrx_word' id='word_1_209' title='bbox 1037 3135 1122 3188; x_wconf 86' lang='lat' dir='ltr'><strong>lib.</strong></span> <span class='ocrx_word' id='word_1_210' title='bbox 1153 3136 1258 3200; x_wconf 89' lang='lat'><strong>111,</strong></span> <span class='ocrx_word' id='word_1_211' title='bbox 1283 3132 1410 3184; x_wconf 86' lang='lat' dir='ltr'><strong>Dis-</strong></span> 
     </span>
     <span class='ocr_line' id='line_1_28' title="bbox 389 3211 922 3281; baseline 0.002 -19"><span class='ocrx_word' id='word_1_212' title='bbox 389 3211 648 3264; x_wconf 78' lang='lat' dir='ltr'><strong>sertation.</strong></span> <span class='ocrx_word' id='word_1_213' title='bbox 675 3228 750 3264; x_wconf 77' lang='lat' dir='ltr'><strong>lv.</strong></span> <span class='ocrx_word' id='word_1_214' title='bbox 773 3213 922 3281; x_wconf 79' lang='lat' dir='ltr'><strong>Lips.</strong></span> 
     </span>
    </p>

    <p class='ocr_par' dir='ltr' id='par_1_7' title="bbox 389 3289 1415 3590">
     <span class='ocr_line' id='line_1_29' title="bbox 460 3289 1411 3360; baseline -0.001 -20"><span class='ocrx_word' id='word_1_215' title='bbox 460 3311 506 3340; x_wconf 67' lang='grc' dir='ltr'><strong>τι.</strong></span> <span class='ocrx_word' id='word_1_216' title='bbox 550 3291 624 3341; x_wconf 85' lang='lat' dir='ltr'><strong>In</strong></span> <span class='ocrx_word' id='word_1_217' title='bbox 669 3301 794 3358; x_wconf 76' lang='lat' dir='ltr'><strong>quot</strong></span> <span class='ocrx_word' id='word_1_218' title='bbox 843 3291 1094 3343; x_wconf 76' lang='lat' dir='ltr'><strong>membra.</strong></span> <span class='ocrx_word' id='word_1_219' title='bbox 1135 3289 1204 3340; x_wconf 74' lang='lat' dir='ltr'><strong>lta</strong></span> <span class='ocrx_word' id='word_1_220' title='bbox 1249 3301 1411 3360; x_wconf 73' lang='lat' dir='ltr'><strong>partes</strong></span> 
     </span>
     <span class='ocr_line' id='line_1_30' title="bbox 389 3365 1414 3439; baseline -0.001 -22"><span class='ocrx_word' id='word_1_221' title='bbox 389 3366 607 3439; x_wconf 70' lang='lat' dir='ltr'><strong>appellat</strong></span> <span class='ocrx_word' id='word_1_222' title='bbox 630 3385 644 3416; x_wconf 68' lang='grc' dir='ltr'><strong><em>ε</em></strong></span> <span class='ocrx_word' id='word_1_223' title='bbox 669 3387 782 3436; x_wconf 74' lang='lat' dir='ltr'><strong>quae</strong></span> <span class='ocrx_word' id='word_1_224' title='bbox 817 3366 984 3419; x_wconf 79' lang='lat' dir='ltr'><strong>stoicis</strong></span> <span class='ocrx_word' id='word_1_225' title='bbox 1007 3377 1120 3418; x_wconf 85' lang='lat' dir='ltr'><strong>octo</strong></span> <span class='ocrx_word' id='word_1_226' title='bbox 1141 3377 1273 3418; x_wconf 85' lang='lat' dir='ltr'><strong>sunt.</strong></span> <span class='ocrx_word' id='word_1_227' title='bbox 1305 3365 1414 3416; x_wconf 82' lang='lat' dir='ltr'><strong>Vi-</strong></span> 
     </span>
     <span class='ocr_line' id='line_1_31' title="bbox 392 3443 1415 3516; baseline -0.001 -21"><span class='ocrx_word' id='word_1_228' title='bbox 392 3443 456 3495; x_wconf 93' lang='lat' dir='ltr'><strong>de</strong></span> <span class='ocrx_word' id='word_1_229' title='bbox 477 3444 770 3516; x_wconf 76' lang='lat' dir='ltr'><strong>Physiolog.</strong></span> <span class='ocrx_word' id='word_1_230' title='bbox 795 3444 948 3498; x_wconf 81' lang='lat' dir='ltr'><strong>Stoic.</strong></span> <span class='ocrx_word' id='word_1_231' title='bbox 971 3443 1060 3496; x_wconf 87' lang='lat' dir='ltr'><strong>lib.</strong></span> <span class='ocrx_word' id='word_1_232' title='bbox 1083 3445 1179 3507; x_wconf 85' lang='lat' dir='ltr'><strong>III,</strong></span> <span class='ocrx_word' id='word_1_233' title='bbox 1201 3443 1415 3495; x_wconf 78' lang='lat' dir='ltr'><strong>Disser-</strong></span> 
     </span>
     <span class='ocr_line' id='line_1_32' title="bbox 393 3522 896 3590; baseline -0.004 -16"><span class='ocrx_word' id='word_1_234' title='bbox 393 3523 566 3574; x_wconf 67' lang='lat' dir='ltr'><strong>tation.</strong></span> <span class='ocrx_word' id='word_1_235' title='bbox 589 3539 722 3574; x_wconf 81' lang='lat' dir='ltr'><strong>xvn.</strong></span> <span class='ocrx_word' id='word_1_236' title='bbox 751 3522 896 3590; x_wconf 76' lang='lat' dir='ltr'><strong>Lips-</strong></span> 
     </span>
    </p>

    <p class='ocr_par' dir='ltr' id='par_1_8' title="bbox 393 3599 1412 3748">
     <span class='ocr_line' id='line_1_33' title="bbox 461 3599 1412 3667; baseline -0.001 -17"><span class='ocrx_word' id='word_1_237' title='bbox 461 3600 505 3650; x_wconf 80' lang='lat'><strong>3.</strong></span> <span class='ocrx_word' id='word_1_238' title='bbox 533 3601 740 3653; x_wconf 76' lang='lat' dir='ltr'><strong>Deinde</strong></span> <span class='ocrx_word' id='word_1_239' title='bbox 759 3621 796 3651; x_wconf 85' lang='lat' dir='ltr'><em>a</em></span> <span class='ocrx_word' id='word_1_240' title='bbox 817 3601 1128 3667; x_wconf 70' lang='lat' dir='ltr'><strong>corporibus.</strong></span> <span class='ocrx_word' id='word_1_241' title='bbox 1153 3600 1193 3650; x_wconf 88' lang='lat' dir='ltr'><strong>l.</strong></span> <span class='ocrx_word' id='word_1_242' title='bbox 1218 3619 1262 3650; x_wconf 87' lang='lat' dir='ltr'><strong>e.</strong></span> <span class='ocrx_word' id='word_1_243' title='bbox 1288 3599 1412 3651; x_wconf 77' lang='lat' dir='ltr'><strong>eni-</strong></span> 
     </span>
     <span class='ocr_line' id='line_1_34' title="bbox 393 3676 1066 3748; baseline -0.004 -18"><span class='ocrx_word' id='word_1_244' title='bbox 393 3695 498 3730; x_wconf 80' lang='lat' dir='ltr'><strong>mo.</strong></span> <span class='ocrx_word' id='word_1_245' title='bbox 524 3677 604 3729; x_wconf 84' lang='lat' dir='ltr'><strong>Cf.</strong></span> <span class='ocrx_word' id='word_1_246' title='bbox 631 3677 726 3748; x_wconf 79' lang='lat' dir='ltr'><strong>Ep.</strong></span> <span class='ocrx_word' id='word_1_247' title='bbox 758 3698 776 3730; x_wconf 87' lang='lat'>1</span> <span class='ocrx_word' id='word_1_248' title='bbox 794 3676 865 3730; x_wconf 79' lang='lat'><strong>13.</strong></span> <span class='ocrx_word' id='word_1_249' title='bbox 885 3677 1066 3728; x_wconf 71' lang='lat' dir='ltr'><strong>Ruhk.</strong></span> 
     </span>
    </p>

    <p class='ocr_par' dir='ltr' id='par_1_9' title="bbox 392 3755 1415 4123">
     <span class='ocr_line' id='line_1_35' title="bbox 460 3755 1411 3825; baseline 0.002 -19"><span class='ocrx_word' id='word_1_250' title='bbox 460 3757 506 3820; x_wconf 80' lang='grc'><strong>4.</strong></span> <span class='ocrx_word' id='word_1_251' title='bbox 546 3757 690 3808; x_wconf 76' lang='lat' dir='ltr'><strong>Vitoe</strong></span> <span class='ocrx_word' id='word_1_252' title='bbox 725 3777 790 3810; x_wconf 82' lang='grc' dir='ltr'><strong>οι·</strong></span> <span class='ocrx_word' id='word_1_253' title='bbox 831 3759 974 3808; x_wconf 71' lang='lat' dir='ltr'><strong>meis</strong></span> <span class='ocrx_word' id='word_1_254' title='bbox 1011 3757 1280 3825; x_wconf 65' lang='lat' dir='ltr'><strong>ambigua.</strong></span> <span class='ocrx_word' id='word_1_255' title='bbox 1323 3755 1411 3809; x_wconf 88' lang='lat' dir='ltr'><strong>Sic</strong></span> 
     </span>
     <span class='ocr_line' id='line_1_36' title="bbox 393 3835 1414 3888; baseline 0.001 -3"><span class='ocrx_word' id='word_1_256' title='bbox 393 3847 562 3885; x_wconf 85' lang='lat' dir='ltr'><strong>noster</strong></span> <span class='ocrx_word' id='word_1_257' title='bbox 578 3855 670 3886; x_wconf 86' lang='lat' dir='ltr'><strong>ms.</strong></span> <span class='ocrx_word' id='word_1_258' title='bbox 687 3854 728 3887; x_wconf 85' lang='lat' dir='ltr'><strong>c.</strong></span> <span class='ocrx_word' id='word_1_259' title='bbox 747 3835 852 3886; x_wconf 83' lang='lat' dir='ltr'><strong>Sed</strong></span> <span class='ocrx_word' id='word_1_260' title='bbox 869 3839 994 3888; x_wconf 65' lang='grc' dir='ltr'><strong>υἱέα</strong></span> <span class='ocrx_word' id='word_1_261' title='bbox 1008 3845 1103 3886; x_wconf 77' lang='lat' dir='ltr'><strong>aut</strong></span> <span class='ocrx_word' id='word_1_262' title='bbox 1119 3841 1257 3888; x_wconf 78' lang='lat' dir='ltr'><strong>vocis</strong></span> <span class='ocrx_word' id='word_1_263' title='bbox 1271 3837 1414 3888; x_wconf 82' lang='lat' dir='ltr'><strong>amb.</strong></span> 
     </span>
     <span class='ocr_line' id='line_1_37' title="bbox 394 3911 1415 3984; baseline -0.001 -20"><span class='ocrx_word' id='word_1_264' title='bbox 394 3915 668 3984; x_wconf 76' lang='lat' dir='ltr'><strong>praeferunt</strong></span> <span class='ocrx_word' id='word_1_265' title='bbox 680 3911 794 3964; x_wconf 85' lang='lat' dir='ltr'><strong>edd.</strong></span> <span class='ocrx_word' id='word_1_266' title='bbox 815 3912 885 3964; x_wconf 82' lang='lat' dir='ltr'><strong>R.</strong></span> <span class='ocrx_word' id='word_1_267' title='bbox 906 3915 976 3965; x_wconf 88' lang='lat' dir='ltr'><strong>A.</strong></span> <span class='ocrx_word' id='word_1_268' title='bbox 995 3933 1034 3965; x_wconf 88' lang='lat' dir='ltr'><strong>c.</strong></span> <span class='ocrx_word' id='word_1_269' title='bbox 1056 3925 1102 3963; x_wconf 85' lang='lat' dir='ltr'><strong>et</strong></span> <span class='ocrx_word' id='word_1_270' title='bbox 1123 3932 1213 3964; x_wconf 88' lang='lat' dir='ltr'><strong>ms.</strong></span> <span class='ocrx_word' id='word_1_271' title='bbox 1233 3933 1287 3964; x_wconf 84' lang='lat' dir='ltr'><strong>a.</strong></span> <span class='ocrx_word' id='word_1_272' title='bbox 1306 3912 1415 3982; x_wconf 87' lang='lat' dir='ltr'><strong>qui-</strong></span> 
     </span>
     <span class='ocr_line' id='line_1_38' title="bbox 392 3987 1412 4044; baseline 0.003 -3"><span class='ocrx_word' id='word_1_273' title='bbox 392 3987 484 4042; x_wconf 87' lang='lat' dir='ltr'><strong>bus</strong></span> <span class='ocrx_word' id='word_1_274' title='bbox 519 3987 655 4042; x_wconf 81' lang='lat' dir='ltr'><strong>baud</strong></span> <span class='ocrx_word' id='word_1_275' title='bbox 691 3989 848 4041; x_wconf 84' lang='lat' dir='ltr'><strong>dubie</strong></span> <span class='ocrx_word' id='word_1_276' title='bbox 884 3989 974 4042; x_wconf 77' lang='lat' dir='ltr'><strong>alii</strong></span> <span class='ocrx_word' id='word_1_277' title='bbox 1007 3989 1203 4042; x_wconf 83' lang='lat' dir='ltr'><strong>codices</strong></span> <span class='ocrx_word' id='word_1_278' title='bbox 1231 4009 1412 4044; x_wconf 81' lang='lat' dir='ltr'><strong>asseu-</strong></span> 
     </span>
     <span class='ocr_line' id='line_1_39' title="bbox 395 4067 1414 4123; baseline 0.001 -4"><span class='ocrx_word' id='word_1_279' title='bbox 395 4067 598 4121; x_wconf 83' lang='lat' dir='ltr'><strong>tiuntur.</strong></span> <span class='ocrx_word' id='word_1_280' title='bbox 621 4067 822 4123; x_wconf 80' lang='lat' dir='ltr'><strong>Mireris</strong></span> <span class='ocrx_word' id='word_1_281' title='bbox 837 4089 954 4122; x_wconf 72' lang='lat' dir='ltr'><strong>vero</strong></span> <span class='ocrx_word' id='word_1_282' title='bbox 976 4067 1248 4121; x_wconf 63' lang='lat' dir='ltr'><strong>ridicuium</strong></span> <span class='ocrx_word' id='word_1_283' title='bbox 1267 4087 1414 4121; x_wconf 78' lang='lat' dir='ltr'><strong>erra-</strong></span> 
     </span>
    </p>
   </div>
   <div class='ocr_carea' id='block_1_4' title="bbox 1508 2667 2538 4058">
    <p class='ocr_par' dir='ltr' id='par_1_10' title="bbox 1508 2667 2537 3045">
     <span class='ocr_line' id='line_1_40' title="bbox 1508 2667 2537 2731; baseline 0.004 -13"><span class='ocrx_word' id='word_1_284' title='bbox 1508 2678 1636 2730; x_wconf 88' lang='lat' dir='ltr'><strong>tum,</strong></span> <span class='ocrx_word' id='word_1_285' title='bbox 1654 2669 1775 2717; x_wconf 78' lang='lat' dir='ltr'><strong>vitoe</strong></span> <span class='ocrx_word' id='word_1_286' title='bbox 1796 2685 1861 2718; x_wconf 80' lang='lat' dir='ltr'><strong>ac</strong></span> <span class='ocrx_word' id='word_1_287' title='bbox 1874 2671 2030 2731; x_wconf 81' lang='lat' dir='ltr'><strong>nece&#39;s,</strong></span> <span class='ocrx_word' id='word_1_288' title='bbox 2048 2689 2105 2720; x_wconf 81' lang='lat' dir='ltr'><strong>ex</strong></span> <span class='ocrx_word' id='word_1_289' title='bbox 2127 2669 2206 2722; x_wconf 88' lang='lat' dir='ltr'><strong>ed.</strong></span> <span class='ocrx_word' id='word_1_290' title='bbox 2222 2667 2308 2723; x_wconf 88' lang='lat' dir='ltr'><strong>Er.</strong></span> <span class='ocrx_word' id='word_1_291' title='bbox 2330 2667 2385 2721; x_wconf 84' lang='lat' dir='ltr'><strong>iu</strong></span> <span class='ocrx_word' id='word_1_292' title='bbox 2407 2669 2537 2722; x_wconf 75' lang='lat' dir='ltr'><strong>alias</strong></span> 
     </span>
     <span class='ocr_line' id='line_1_41' title="bbox 1508 2744 2535 2820; baseline 0.005 -23"><span class='ocrx_word' id='word_1_293' title='bbox 1508 2765 1685 2797; x_wconf 86' lang='lat' dir='ltr'><strong>omnes</strong></span> <span class='ocrx_word' id='word_1_294' title='bbox 1700 2744 1947 2798; x_wconf 82' lang='lat' dir='ltr'><strong>editiones</strong></span> <span class='ocrx_word' id='word_1_295' title='bbox 1958 2761 2285 2820; x_wconf 66' lang='lat' dir='ltr'><strong>propagatum</strong></span> <span class='ocrx_word' id='word_1_296' title='bbox 2295 2785 2309 2811; x_wconf 87' lang='lat'><strong>,</strong></span> <span class='ocrx_word' id='word_1_297' title='bbox 2322 2751 2535 2802; x_wconf 86' lang='lat' dir='ltr'><strong>nemine</strong></span> 
     </span>
     <span class='ocr_line' id='line_1_42' title="bbox 1508 2821 2537 2899; baseline 0.007 -27"><span class='ocrx_word' id='word_1_298' title='bbox 1508 2841 1573 2871; x_wconf 90' lang='lat' dir='ltr'><strong>ne</strong></span> <span class='ocrx_word' id='word_1_299' title='bbox 1588 2821 1957 2875; x_wconf 71' lang='lat' dir='ltr'><strong>dubitationem</strong></span> <span class='ocrx_word' id='word_1_300' title='bbox 1974 2823 2184 2893; x_wconf 86' lang='lat' dir='ltr'><strong>quidem</strong></span> <span class='ocrx_word' id='word_1_301' title='bbox 2196 2825 2360 2877; x_wconf 79' lang='lat' dir='ltr'><strong>ullam</strong></span> <span class='ocrx_word' id='word_1_302' title='bbox 2373 2827 2537 2899; x_wconf 76' lang='lat' dir='ltr'><strong>signi·</strong></span> 
     </span>
     <span class='ocr_line' id='line_1_43' title="bbox 1509 2895 2537 2976; baseline 0.007 -26"><span class='ocrx_word' id='word_1_303' title='bbox 1509 2895 1692 2951; x_wconf 70' lang='lat' dir='ltr'><strong>fiennte</strong></span> <span class='ocrx_word' id='word_1_304' title='bbox 1708 2939 1721 2966; x_wconf 91' lang='lat'><strong>,</strong></span> <span class='ocrx_word' id='word_1_305' title='bbox 1746 2900 1937 2952; x_wconf 85' lang='lat' dir='ltr'><strong>nedum</strong></span> <span class='ocrx_word' id='word_1_306' title='bbox 1960 2901 2140 2954; x_wconf 83' lang='lat' dir='ltr'><strong>melius</strong></span> <span class='ocrx_word' id='word_1_307' title='bbox 2156 2901 2423 2976; x_wconf 67' lang='lat' dir='ltr'><strong>quidpiam</strong></span> <span class='ocrx_word' id='word_1_308' title='bbox 2444 2925 2537 2956; x_wconf 84' lang='lat' dir='ltr'><strong>re·-</strong></span> 
     </span>
     <span class='ocr_line' id='line_1_44' title="bbox 1508 2976 1945 3045; baseline 0 -17"><span class='ocrx_word' id='word_1_309' title='bbox 1508 2977 1757 3045; x_wconf 77' lang='lat' dir='ltr'><strong>quit-ente.</strong></span> <span class='ocrx_word' id='word_1_310' title='bbox 1781 2976 1945 3030; x_wconf 72' lang='lat' dir='ltr'><strong>Schw-</strong></span> 
     </span>
    </p>

    <p class='ocr_par' dir='ltr' id='par_1_11' title="bbox 1508 3055 2537 3518">
     <span class='ocr_line' id='line_1_45' title="bbox 1575 3055 2537 3132; baseline 0.006 -26"><span class='ocrx_word' id='word_1_311' title='bbox 1575 3058 1622 3106; x_wconf 83' lang='lat'><strong>5.</strong></span> <span class='ocrx_word' id='word_1_312' title='bbox 1646 3057 1769 3108; x_wconf 77' lang='lat' dir='ltr'><strong>Non</strong></span> <span class='ocrx_word' id='word_1_313' title='bbox 1790 3055 2087 3107; x_wconf 59' lang='lat' dir='ltr'><strong>abduxit...</strong></span> <span class='ocrx_word' id='word_1_314' title='bbox 2106 3059 2261 3110; x_wconf 74' lang='lat' dir='ltr'><strong>venit.</strong></span> <span class='ocrx_word' id='word_1_315' title='bbox 2286 3058 2537 3132; x_wconf 72' lang='lat' dir='ltr'><strong>Spectant</strong></span> 
     </span>
     <span class='ocr_line' id='line_1_46' title="bbox 1508 3132 2535 3210; baseline 0.006 -27"><span class='ocrx_word' id='word_1_316' title='bbox 1508 3133 1572 3185; x_wconf 75' lang='lat' dir='ltr'><strong>ed</strong></span> <span class='ocrx_word' id='word_1_317' title='bbox 1587 3132 1709 3201; x_wconf 66' lang='lat'><strong>§²5-</strong></span> <span class='ocrx_word' id='word_1_318' title='bbox 1726 3155 1755 3180; x_wconf 77' lang='grc' dir='ltr'><strong>ιι</strong></span> <span class='ocrx_word' id='word_1_319' title='bbox 1770 3132 1981 3196; x_wconf 75' lang='lat' dir='ltr'><strong>Omnia,</strong></span> <span class='ocrx_word' id='word_1_320' title='bbox 2004 3133 2187 3203; x_wconf 82' lang='lat' dir='ltr'><strong>inquit,</strong></span> <span class='ocrx_word' id='word_1_321' title='bbox 2210 3133 2317 3188; x_wconf 72' lang='lat' dir='ltr'><strong>baec</strong></span> <span class='ocrx_word' id='word_1_322' title='bbox 2329 3136 2535 3210; x_wconf 71' lang='lat' dir='ltr'><strong>sepiens</strong></span> 
     </span>
     <span class='ocr_line' id='line_1_47' title="bbox 1508 3211 2535 3285; baseline 0.006 -23"><span class='ocrx_word' id='word_1_323' title='bbox 1508 3212 1715 3282; x_wconf 86' lang='lat' dir='ltr'><strong>quidem</strong></span> <span class='ocrx_word' id='word_1_324' title='bbox 1750 3211 1975 3275; x_wconf 84' lang='lat' dir='ltr'><strong>invenit,</strong></span> <span class='ocrx_word' id='word_1_325' title='bbox 2012 3211 2101 3262; x_wconf 88' lang='lat' dir='ltr'><strong>sed</strong></span> <span class='ocrx_word' id='word_1_326' title='bbox 2123 3213 2352 3278; x_wconf 77' lang='lat' dir='ltr'><strong>minora,</strong></span> <span class='ocrx_word' id='word_1_327' title='bbox 2375 3234 2535 3285; x_wconf 79' lang='lat' dir='ltr'><strong>quam</strong></span> 
     </span>
     <span class='ocr_line' id='line_1_48' title="bbox 1508 3289 2537 3358; baseline 0.003 -17"><span class='ocrx_word' id='word_1_328' title='bbox 1508 3301 1564 3341; x_wconf 84' lang='lat' dir='ltr'><strong>ut</strong></span> <span class='ocrx_word' id='word_1_329' title='bbox 1590 3291 1693 3358; x_wconf 85' lang='lat' dir='ltr'><strong>ipse</strong></span> <span class='ocrx_word' id='word_1_330' title='bbox 1728 3302 1990 3352; x_wconf 72' lang='lat' dir='ltr'><strong>tractaret,</strong></span> <span class='ocrx_word' id='word_1_331' title='bbox 2018 3289 2387 3344; x_wconf 74' lang='lat' dir='ltr'><strong>sordidioribus</strong></span> <span class='ocrx_word' id='word_1_332' title='bbox 2422 3293 2537 3344; x_wconf 83' lang='lat' dir='ltr'><strong>mi-</strong></span> 
     </span>
     <span class='ocr_line' id='line_1_49' title="bbox 1510 3367 2533 3437; baseline 0.005 -19"><span class='ocrx_word' id='word_1_333' title='bbox 1510 3367 1681 3420; x_wconf 84' lang='lat' dir='ltr'><strong>nistris</strong></span> <span class='ocrx_word' id='word_1_334' title='bbox 1706 3367 1845 3419; x_wconf 88' lang='lat' dir='ltr'><strong>dedit</strong></span> <span class='ocrx_word' id='word_1_335' title='bbox 1862 3389 1889 3414; x_wconf 65' lang='grc' dir='ltr'><em>ν</em></span> <span class='ocrx_word' id='word_1_336' title='bbox 1926 3385 1939 3418; x_wconf 85' lang='lat'>:</span> <span class='ocrx_word' id='word_1_337' title='bbox 1966 3385 2080 3437; x_wconf 71' lang='lat' dir='ltr'><strong>quae</strong></span> <span class='ocrx_word' id='word_1_338' title='bbox 2102 3369 2288 3420; x_wconf 75' lang='lat' dir='ltr'><strong>refutat</strong></span> <span class='ocrx_word' id='word_1_339' title='bbox 2312 3370 2533 3423; x_wconf 68' lang='lat' dir='ltr'><strong>Seneca.</strong></span> 
     </span>
     <span class='ocr_line' id='line_1_50' title="bbox 1508 3445 2469 3518; baseline 0.003 -22"><span class='ocrx_word' id='word_1_340' title='bbox 1508 3445 1865 3510; x_wconf 73' lang='lat' dir='ltr'><strong>——Ponenda5</strong></span> <span class='ocrx_word' id='word_1_341' title='bbox 1884 3445 1920 3496; x_wconf 87' lang='lat' dir='ltr'><strong>i.</strong></span> <span class='ocrx_word' id='word_1_342' title='bbox 1940 3445 2258 3518; x_wconf 72' lang='lat' dir='ltr'><strong>deponenda.</strong></span> <span class='ocrx_word' id='word_1_343' title='bbox 2284 3446 2469 3500; x_wconf 67' lang='lat' dir='ltr'><strong>Ratae.</strong></span> 
     </span>
    </p>

    <p class='ocr_par' dir='ltr' id='par_1_12' title="bbox 1508 3522 2536 3886">
     <span class='ocr_line' id='line_1_51' title="bbox 1572 3522 2535 3596; baseline 0.003 -21"><span class='ocrx_word' id='word_1_344' title='bbox 1572 3522 1621 3575; x_wconf 83' lang='grc'><strong>6.</strong></span> <span class='ocrx_word' id='word_1_345' title='bbox 1647 3523 1999 3584; x_wconf 71' lang='lat' dir='ltr'><strong>Anacharsis,</strong></span> <span class='ocrx_word' id='word_1_346' title='bbox 2029 3525 2248 3590; x_wconf 70' lang='lat' dir='ltr'><strong>inquit...</strong></span> <span class='ocrx_word' id='word_1_347' title='bbox 2264 3524 2535 3596; x_wconf 74' lang='lat' dir='ltr'><strong>sormun-</strong></span> 
     </span>
     <span class='ocr_line' id='line_1_52' title="bbox 1508 3600 2535 3671; baseline 0.003 -19"><span class='ocrx_word' id='word_1_348' title='bbox 1508 3611 1643 3652; x_wconf 74' lang='grc' dir='ltr'><em>ων...</em></span> <span class='ocrx_word' id='word_1_349' title='bbox 1658 3601 1923 3665; x_wconf 77' lang='lat' dir='ltr'><strong>sabulum.</strong></span> <span class='ocrx_word' id='word_1_350' title='bbox 1937 3600 2161 3671; x_wconf 83' lang='lat' dir='ltr'><strong>Diogen.</strong></span> <span class='ocrx_word' id='word_1_351' title='bbox 2185 3601 2348 3654; x_wconf 78' lang='lat' dir='ltr'><strong>Laert-</strong></span> <span class='ocrx_word' id='word_1_352' title='bbox 2364 3605 2409 3667; x_wconf 81' lang='lat'><strong>1,</strong></span> <span class='ocrx_word' id='word_1_353' title='bbox 2438 3608 2535 3655; x_wconf 76' lang='lat'><strong>1⁰5</strong></span> 
     </span>
     <span class='ocr_line' id='line_1_53' title="bbox 1508 3676 2533 3750; baseline 0.005 -21"><span class='ocrx_word' id='word_1_354' title='bbox 1508 3676 1599 3729; x_wconf 88' lang='lat' dir='ltr'><strong>ubi</strong></span> <span class='ocrx_word' id='word_1_355' title='bbox 1616 3677 1819 3748; x_wconf 77' lang='lat' dir='ltr'><strong>Menag.</strong></span> <span class='ocrx_word' id='word_1_356' title='bbox 1841 3676 2077 3750; x_wconf 82' lang='lat' dir='ltr'><strong>Ephorus</strong></span> <span class='ocrx_word' id='word_1_357' title='bbox 2102 3677 2363 3732; x_wconf 73' lang='lat' dir='ltr'><strong>Strabonis</strong></span> <span class='ocrx_word' id='word_1_358' title='bbox 2388 3682 2497 3734; x_wconf 79' lang='lat' dir='ltr'><strong>Vll</strong></span> <span class='ocrx_word' id='word_1_359' title='bbox 2516 3719 2533 3748; x_wconf 90' lang='lat'><strong>,</strong></span> 
     </span>
     <span class='ocr_line' id='line_1_54' title="bbox 1510 3754 2536 3828; baseline 0 -21"><span class='ocrx_word' id='word_1_360' title='bbox 1510 3755 1571 3820; x_wconf 84' lang='lat'><strong>3,</strong></span> <span class='ocrx_word' id='word_1_361' title='bbox 1604 3769 1639 3822; x_wconf 74' lang='lat'><strong>9</strong></span> <span class='ocrx_word' id='word_1_362' title='bbox 1660 3775 1711 3826; x_wconf 81' lang='lat' dir='ltr'><strong>p.</strong></span> <span class='ocrx_word' id='word_1_363' title='bbox 1748 3754 1847 3824; x_wconf 87' lang='lat'><strong>370</strong></span> <span class='ocrx_word' id='word_1_364' title='bbox 1882 3755 1959 3806; x_wconf 86' lang='lat' dir='ltr'><strong>ed.</strong></span> <span class='ocrx_word' id='word_1_365' title='bbox 1988 3755 2121 3828; x_wconf 76' lang='lat' dir='ltr'><strong>Lips,</strong></span> <span class='ocrx_word' id='word_1_366' title='bbox 2146 3757 2284 3808; x_wconf 82' lang='lat' dir='ltr'><strong>idem</strong></span> <span class='ocrx_word' id='word_1_367' title='bbox 2306 3758 2536 3810; x_wconf 71' lang='lat' dir='ltr'><strong>tradunt.</strong></span> 
     </span>
     <span class='ocr_line' id='line_1_55' title="bbox 1509 3833 1697 3886; baseline -0.005 -1"><span class='ocrx_word' id='word_1_368' title='bbox 1509 3833 1697 3886; x_wconf 69' lang='lat' dir='ltr'><strong>Ruhlt.</strong></span> 
     </span>
    </p>

    <p class='ocr_par' dir='ltr' id='par_1_13' title="bbox 1510 3909 2538 4058">
     <span class='ocr_line' id='line_1_56' title="bbox 1576 3909 2538 3978; baseline 0.006 -16"><span class='ocrx_word' id='word_1_369' title='bbox 1576 3931 1622 3975; x_wconf 72' lang='lat'><strong>7.</strong></span> <span class='ocrx_word' id='word_1_370' title='bbox 1645 3913 1814 3978; x_wconf 78' lang='lat' dir='ltr'><strong>Apud</strong></span> <span class='ocrx_word' id='word_1_371' title='bbox 1832 3909 2143 3965; x_wconf 80' lang='lat' dir='ltr'><strong>Homerum.</strong></span> <span class='ocrx_word' id='word_1_372' title='bbox 2168 3913 2385 3966; x_wconf 80' lang='lat' dir='ltr'><strong>Homeri</strong></span> <span class='ocrx_word' id='word_1_373' title='bbox 2405 3935 2538 3968; x_wconf 82' lang='lat' dir='ltr'><strong>ver—</strong></span> 
     </span>
     <span class='ocr_line' id='line_1_57' title="bbox 1510 3987 2537 4058; baseline 0.003 -15"><span class='ocrx_word' id='word_1_374' title='bbox 1510 4011 1593 4044; x_wconf 84' lang='lat' dir='ltr'><strong>sus</strong></span> <span class='ocrx_word' id='word_1_375' title='bbox 1620 4003 1751 4043; x_wconf 75' lang='lat' dir='ltr'><strong>extet</strong></span> <span class='ocrx_word' id='word_1_376' title='bbox 1774 3990 1919 4042; x_wconf 72' lang='lat' dir='ltr'><strong>Iliad.</strong></span> <span class='ocrx_word' id='word_1_377' title='bbox 1942 4013 1999 4052; x_wconf 82' lang='grc' dir='ltr'><strong>σ,</strong></span> <span class='ocrx_word' id='word_1_378' title='bbox 2027 4011 2099 4044; x_wconf 79' lang='lat' dir='ltr'><strong>vs.</strong></span> <span class='ocrx_word' id='word_1_379' title='bbox 2128 3987 2258 4058; x_wconf 70' lang='lat'><strong>609,</strong></span> <span class='ocrx_word' id='word_1_380' title='bbox 2282 3991 2373 4045; x_wconf 83' lang='lat' dir='ltr'><strong>ubi</strong></span> <span class='ocrx_word' id='word_1_381' title='bbox 2396 3995 2537 4046; x_wconf 79' lang='lat' dir='ltr'><strong>eonf-</strong></span> 
     </span>
    </p>
   </div>
   <div class='ocr_carea' id='block_1_5' title="bbox 1514 4068 1927 4142">
    <p class='ocr_par' dir='ltr' id='par_1_14' title="bbox 1514 4068 1927 4142">
     <span class='ocr_line' id='line_1_58' title="bbox 1514 4068 1927 4142; baseline 0.002 -20"><span class='ocrx_word' id='word_1_382' title='bbox 1514 4071 1711 4142; x_wconf 74' lang='lat' dir='ltr'><strong>Heyne.</strong></span> <span class='ocrx_word' id='word_1_383' title='bbox 1745 4068 1927 4124; x_wconf 72' lang='lat' dir='ltr'><strong>Ruhk.</strong></span> 
     </span>
    </p>
   </div>
  </div>
 </body>
</html>
