2667 4475
439 300 912 373 PanmL.
965 302 1463 374 STOICOR.
1511 304 1699 375 Lm.
1751 306 1856 372 11.
2082 312 2203 401 571

91 470 174 509 tm
223 444 538 507 Mundum
567 446 806 508 deorum
831 469 955 509 esse
981 448 1284 529 Templum
1308 490 1329 523 ,
1364 448 1547 511 solum
1572 448 1806 531 quidem
1848 450 2219 531 amplitudine

91 559 301 615 lorum
349 574 420 614 ac
458 555 879 637 magnificentia
924 554 1180 637 dignum.
1209 579 1238 608 υ
1283 553 1363 615 Et
1404 555 1541 617 alibi
1568 554 1797 639 (Epist.
1832 552 1943 637 xc)
1990 576 2007 615 ε
2046 582 2073 609 κ
2112 555 2225 616 Per

91 684 182 721 uae
211 684 346 721 non
377 660 724 741 municipale
741 682 997 733 sacrum,
1019 660 1123 721 sed
1143 661 1346 743 ingens
1374 664 1628 723 omnium
1660 662 1895 723 deorum
1920 661 2223 744 Templum
2322 724 2334 733 ,

91 766 336 825 [undus
367 767 477 825 iste
506 778 808 826 reseratur.
843 791 872 819 u
909 765 1107 826 Cicero
1137 764 1245 849 (In
1275 765 1543 847 Somnio)
1570 791 1589 826 z
1624 794 1653 821 ιι
1681 767 1959 827 Homines
1990 779 2227 827 tuentur

91 876 230 933 lum
261 874 542 955 globum,
573 892 744 953 quem
771 874 833 931 in
861 871 1102 953 Templo
1124 871 1234 931 hoc
1265 872 1521 933 medium
1551 872 1712 933 vides
1734 916 1753 947 ,
1784 874 1883 955 qui
1906 884 2058 934 terra
2080 862 2246 933 dici-⁶

91 1003 172 1039 ir.
221 1002 256 1032 υ
304 977 430 1038 Ubi
470 976 796 1037 Macrobius
843 978 1100 1058 apposite
1138 974 1290 1059 (lib.
1340 977 1369 1037 Ῑ
1396 1020 1413 1051 ,
1466 1000 1593 1061 cap.
1642 976 1753 1061 14)
1800 1003 1817 1039 ε
1862 1006 1893 1033 κ
1932 978 2231 1061 Quidquid

91 1104 336 1142 umano
360 1081 658 1163 adspectui
679 1082 998 1161 subjicitur,
1030 1081 1333 1163 Templum
1368 1083 1491 1162 ejus
1516 1085 1738 1143 vocavit
1762 1085 1861 1164 qui
1890 1085 2009 1145 sola
2038 1096 2229 1145 mente

91 1187 442 1270 oncipitur;
462 1201 557 1261 ut,
591 1189 690 1269 qui
719 1187 840 1249 haec
867 1200 1171 1247 veneratur
1200 1201 1266 1247 ut
1291 1188 1506 1268 templa
1530 1231 1548 1261 ,
1580 1188 1795 1247 cultum
1826 1200 2017 1249 tamen
2038 1190 2231 1249 maxi·-

91 1318 236 1355 mm
265 1294 482 1355 debeat
506 1292 783 1353 conditori
813 1316 830 1351 =
862 1292 1116 1374 sciatque
1145 1294 1401 1375 quisquis
1434 1296 1495 1352 in
1526 1314 1691 1353 usum
1720 1293 1917 1376 templi
1944 1292 2113 1372 hujus
2136 1294 2234 1353 in-

91 1402 334 1475 iucitur‚
361 1402 479 1459 ritu
507 1400 616 1460 sibi
641 1400 952 1463 vivendum
973 1400 1310 1464 Sacerdotis.
1344 1426 1372 1453 ι»
1396 1398 1554 1460 Bona
1570 1443 1587 1474 ,
1612 1400 1763 1459 bona
1784 1410 2067 1481 postrema
2093 1420 2233 1461 mo-

91 1510 226 1566 nitio
263 1520 324 1567 et
355 1507 688 1568 Plutarchus
717 1506 951 1568 accedat
975 1504 1102 1588 (De
1127 1506 1345 1587 Tranq.
1380 1503 1623 1588 animi.)
1647 1529 1665 1565 ε
1702 1532 1731 1561 α
1754 1504 2060 1586 Templum
2104 1525 2229 1565 esse

91 1635 238 1673 nunc
270 1612 562 1674 Mundum
583 1656 601 1688 ,
633 1612 1070 1678 sacratissimum
1089 1612 1324 1695 quidem
1346 1634 1411 1676 ac
1431 1612 1917 1695 religiosissimum
1936 1652 1953 1686 ,
1985 1610 2047 1671 in
2072 1610 2232 1693 quod

91 1744 187 1781 >er
210 1734 402 1781 ortum
426 1720 772 1795 inducimur,
796 1732 1140 1803 spectatores
1159 1742 1275 1781 non
1298 1720 1592 1803 signorum
1618 1718 1919 1779 surdorum
1942 1730 2001 1778 et
2022 1738 2236 1777 manu-

91 1828 374 1887 factorum
391 1870 408 1903 ,
429 1827 534 1887 sed
556 1825 702 1887 Solis
715 1870 733 1901 ,
763 1824 938 1887 Lunae
951 1869 972 1901 ,
994 1826 1269 1887 siderum.
1299 1852 1326 1880 »ο
1354 1824 1433 1887 Et
1454 1824 1615 1887 addit
1634 1869 1653 1900 ,
1680 1824 1799 1885 haec
1820 1851 1851 1881 α
1872 1826 2049 1885 veluti
2068 1824 2234 1885 initia

91 1948 140 1994 et
172 1936 446 2015 mysteria
477 1934 733 2016 quadam
761 1955 918 2011 esse,
942 1934 1248 2016 tranquillo
1271 1944 1329 1995 et
1347 1932 1475 1993 laeto
1506 1932 1673 1993 nohis
1700 1932 1890 1992 animo
1919 1930 2229 2014 spectanda

91 2064 150 2101 ic
179 2040 527 2123 peragenda.
547 2068 576 2095 »ν
613 2041 776 2101 Philo
805 2041 1053 2123 denique
1082 2040 1310 2105 Judaeus
1337 2039 1569 2101 claudat
1591 2038 1719 2121 (De
1740 2038 2039 2099 Monarch.
2074 2036 2172 2119 11)
2204 2060 2225 2097 ε

91 2176 114 2203 ιι
153 2148 462 2229 Templum
493 2148 604 2207 Dei
642 2170 974 2229 supremum
991 2190 1011 2220 ,
1039 2160 1100 2207 et
1126 2168 1262 2209 vere
1291 2148 1404 2209 tale
1420 2189 1437 2220 ,
1484 2148 1811 2209 existimare
1836 2154 2075 2227 ¹oportet
2104 2164 2229 2203 esse

91 2266 269 2315 totum
298 2253 450 2314 hunc
493 2252 814 2324 Mundum3
857 2255 957 2334 qui
999 2252 1317 2314 sacrarium
1362 2251 1597 2332 quidem
1628 2248 1801 2310 habet
1814 2292 1833 2325 ,
1867 2250 2229 2331 purissimam

91 2380 285 2421 rerum
325 2357 548 2416 Naturae
577 2369 799 2437 partem
817 2399 834 2430 ,
887 2355 1132 2427 Caelnm3
1179 2367 1512 2418 ornamenta
1528 2397 1549 2428 ,
1595 2355 1785 2414 stellas
1808 2397 1827 2428 ‚
1870 2353 2189 2420 sacerdotes
2208 2398 2227 2431 ,

91 2463 450 2526 administros
472 2463 734 2543 potentiae
767 2464 889 2543 ejus
915 2461 1147 2544 angelos
1170 2506 1189 2537 ,
1222 2462 1587 2542 incorporeas
1614 2462 1853 2526 animas.
1886 2487 1913 2515 »
1940 2460 2229 2543 Imagines

91 2571 398 2642 habemus,
431 2579 590 2649 aptas
609 2610 628 2639 ‚
664 2579 722 2628 et
748 2588 854 2650 pro
883 2566 1186 2649 splendore
1219 2587 1284 2629 ac
1313 2565 1590 2649 dignitate
1620 2565 1829 2627 Mundi
1848 2609 1864 2640 ,
1896 2587 2003 2628 nec
2028 2583 2223 2649 supra.

97 2706 128 2732 ιι
161 2675 314 2734 Nihil
336 2674 486 2735 enim
513 2675 770 2735 omnium
801 2695 994 2735 rerum
1022 2670 1144 2755 (ait
1168 2673 1502 2741 Stoicissans
1528 2674 1751 2734 Tullius
1768 2717 1785 2748 ,
1822 2673 1884 2734 II
1910 2673 2001 2734 De
2025 2672 2225 2734 Natur.

95 2777 298 2861 deor.)
321 2780 522 2846 melius
547 2792 634 2841 est
665 2778 890 2841 Mundo
909 2821 926 2852 ,
959 2778 1104 2844 nihil
1132 2779 1505 2862 praestabilius
1532 2823 1551 2854 ,
1584 2779 1731 2840 nihil
1752 2778 2041 2862 pulchrius
2075 2803 2092 2840 e
2119 2801 2228 2842 nec

101 2888 281 2947 solum
307 2883 448 2945 nihil
471 2897 558 2944 est
571 2926 590 2960 ,
622 2885 724 2945 sed
748 2907 824 2946 ne
850 2887 1084 2968 eogitari
1112 2886 1346 2967 quidem
1372 2886 1686 2969 quidquam
1720 2886 1924 2946 melius
1950 2898 2155 2967 potest.
2195 2911 2223 2938 υ

103 2992 477 3075 Vide-ipsum
507 3003 688 3052 totum
707 3035 726 3066 ,
759 2991 894 3051 vide
936 3013 1172 3074 magnas
1217 3013 1538 3074 parvasque
1579 3005 1769 3074 partes
1799 3015 1817 3052 ι
1844 2993 2043 3051 omnia
2090 3017 2119 3045 α
2149 2992 2229 3052 ita

107 3101 392 3160 constituta
423 3112 556 3159 sunt
578 3141 596 3172 ,
637 3112 702 3158 ut
727 3120 915 3181 neque
941 3098 1018 3158 ad
1047 3121 1214 3160 usum
1243 3100 1479 3160 meliora
1521 3121 1644 3162 esse
1682 3100 1973 3182 potuerint
1986 3143 2005 3174 ,
2037 3119 2235 3183 neque·

110 3205 186 3264 ad
213 3205 438 3286 speciem
468 3203 812 3286 pulchriora,
851 3230 882 3262 u
911 3201 1102 3286 (lbid.
1137 3202 1340 3285 infra.)

722 3404 1349 3469 DISSERTATIO
1390 3405 1597 3466 VIII.

123 3557 176 3616 F
174 3565 340 3616 acham
362 3579 474 3617 esse
492 3553 770 3615 Mundum
796 3577 839 3615 a
855 3551 978 3615 Deo
997 3601 1014 3626 ,
1044 3557 1330 3616 hominum
1360 3577 1535 3616 causa
1560 3577 1580 3614 .·
1604 3564 1663 3614 et
1684 3553 1933 3626 breviter,
1954 3555 2225 3636 quomodo

995 3663 1076 3722 sit
1084 3659 1310 3742 factm.

201 3849 359 3908 Tim
387 3862 574 3912 autem
616 3853 804 3934 operis
833 3851 964 3934 quis
1001 3852 1243 3912 auctor?
1273 3851 1479 3936 Nullus
1500 3893 1520 3928 ,
1550 3852 1715 3914 aiunt
1743 3851 1977 3934 quidam
2001 3862 2111 3921 ‚et
2150 3848 2223 3908 ab

129 3969 314 4016 aeterno
333 3955 433 4017 suit
446 4002 463 4033 ‚
508 3969 892 4041 aeternumque
924 3959 1049 4019 erit.
1085 3957 1200 4018 Alii
1245 3959 1347 4040 qui
1374 3958 1585 4020 factum
1630 3968 1885 4018 statuunt
1900 3998 1921 4030 ,
1954 3955 2163 4037 partim
2190 3977 2223 4014 a

133 4063 319 4124 Natura
343 4063 432 4146 (ut
459 4062 680 4145 Strato)
713 4089 730 4124 ε
773 4066 980 4146 partim
1007 4089 1041 4128 a
1071 4064 1240 4127 Forte
1273 4077 1330 4126 et
1373 4064 1521 4130 Casu
1540 4109 1557 4139 ‚
1601 4077 1665 4127 ut
1700 4061 2001 4144 Epicurus.
2052 4061 2222 4124 Stoici
