2667 4475
804 316 1330 387 EPISTOLA
1381 318 1623 388 CXV.

2154 330 2280 420 275

115 472 346 519 curae.
392 448 578 517 Nosti
610 448 994 541 complures
1027 449 1363 540 juvenes,
1414 448 1627 517 barba
1661 466 1727 518 et
1764 473 1951 518 coma
1986 454 2277 539 nitidos,

120 565 218 633 de
270 563 552 657 capsula
591 578 764 632 totos
785 568 851 648 ¹3
891 563 1070 631 nihil
1117 564 1204 631 ab
1241 562 1381 661 illis
1428 566 1807 657 speraveris
1854 566 2027 638 forte
2046 620 2063 651 ‚
2109 571 2288 640 nihil

121 679 458 750 solidum.
501 680 740 751 Oratio
773 679 1002 749 vultus
1029 680 1240 748 animi
1275 696 1377 748 est
1398 684 1423 715 ²
1456 706 1473 748 t
1514 683 1574 749 si
1618 682 2067 755 circumtonsa
2096 680 2121 722 ³
2143 703 2281 770 est,

121 812 200 864 et
242 795 474 863 fucata
494 841 513 876 ,
553 809 624 862 et
653 794 1072 877 manufacta,
1116 792 1415 863 ostendit
1440 795 1629 864 illum
1663 822 1936 891 quoque
1968 822 2109 869 non
2144 822 2291 869 esse

123 910 524 993 sincerum,
561 922 632 975 et
662 906 922 975 habere
947 906 1213 1000 aliquid
1249 907 1409 975 facti
1428 904 1483 977 ⁴.
1517 912 1581 979 N
1582 932 1669 978 on
1697 926 1799 979 est
1822 932 2292 984 ornamentum
2342 930 2374 982 3

125 1025 348 1095 virile
361 1074 384 1111 ,
431 1025 854 1093 concinnitas
875 1018 926 1091 ⁵.

240 1144 318 1212 Si
345 1141 542 1211 nobis
565 1142 868 1209 animum
897 1140 1057 1209 boni
1087 1141 1218 1207 viri
1249 1140 1491 1210 liceret
1524 1145 1863 1237 inspicere
1884 1142 1913 1183 ⁶
1931 1196 1954 1233 ,
2008 1173 2049 1217 o
2092 1171 2293 1240 quam

129 1258 506 1354 pulchram
559 1250 801 1325 faciem
815 1306 838 1342 ‚
895 1280 1098 1349 quam
1141 1272 1476 1343 sanctam,
1540 1282 1745 1349 quam
1798 1284 1877 1327 ex
1926 1264 2295 1355 magnifico

131 1372 558 1469 placidoque
586 1373 960 1465 fulgentem
977 1371 1403 1453 videremus3
1436 1374 1601 1440 hinc
1624 1370 1881 1469 justitia
1898 1426 1919 1459 ,
1952 1376 2147 1445 illinc
2169 1377 2300 1444 for-

135 1490 472 1575 titudine,
496 1491 664 1559 hinc
682 1490 1128 1583 temperantia
1146 1489 1649 1582 prudentiaque
1668 1489 2085 1559 lucentibus!
2118 1494 2303 1561 Prae-

140 1625 254 1676 ter
280 1606 450 1674 has⁷
476 1657 497 1690 ,
541 1602 932 1700 frugalitas,
965 1620 1038 1673 et
1064 1606 1485 1675 continentia
1505 1657 1522 1688 ‚
1570 1622 1639 1675 et
1672 1607 2031 1675 tolerantia
2051 1657 2074 1693 ‚
2118 1623 2187 1676 et
2220 1606 2305 1675 li-

137 1717 514 1795 beralitas⁸
544 1724 962 1816 comitasque
984 1774 1002 1807 ‚
1031 1739 1101 1791 et
1123 1720 1310 1817 (quis
1331 1722 1568 1793 credat
1589 1722 1651 1819 P)
1681 1727 1753 1792 in
1778 1724 2054 1793 homine
2075 1722 2303 1793 rarum

141 1970 368 2023 leantur.
389 1968 478 2021 Sic
499 1981 550 2020 et
569 1966 737 2021 Goeaeei
759 1966 939 2019 dicunt
958 1968 1180 2034 ἐνσημαί-

145 2070 260 2101 νειν.
281 2046 537 2116 Equidem
558 2046 802 2099 assentior
823 2046 1011 2118 Lipsio.
1031 2046 1100 2099 R.

222 2144 268 2176 1.
287 2124 378 2177 De
407 2126 626 2192 capsula
661 2135 808 2176 totos.
844 2121 950 2192 Qui
983 2142 1178 2193 semper

142 2204 218 2256 ita
247 2201 520 2256 munditie
553 2202 757 2255 student
789 2200 978 2274 compti
1011 2200 1177 2274 politi-

145 2302 251 2352 que
270 2320 285 2345 ,
309 2293 365 2332 nt
387 2293 546 2333 vestes
575 2298 751 2332 eorum
771 2297 966 2350 semper
987 2279 1178 2347 quasis

145 2363 376 2428 capsula
397 2359 430 2409 i.
451 2357 622 2410 arcula
636 2396 652 2423 ,
674 2357 729 2408 in
754 2375 854 2428 qua
873 2357 1179 2421 conduntur,

151 2439 174 2504 (
196 2438 260 2489 cf.
287 2437 352 2488 de
377 2436 568 2505 Tranq.
605 2434 785 2486 Anim.
811 2454 854 2486 c.
894 2454 915 2486 1
944 2472 958 2500 ,
999 2447 1184 2489 nostrae

148 2513 276 2566 edit.
295 2533 344 2584 p.
364 2511 461 2564 285
476 2549 490 2575 ,
512 2523 618 2564 not.
642 2511 707 2576 3)
732 2524 956 2563 recenter
977 2512 1184 2584 prolata

148 2589 442 2641 videantur.
464 2587 748 2640 R—Bene
769 2587 918 2640 vertit
931 2587 1185 2658 [agran—

143 2687 214 2738 ge
241 2687 258 2720 .·
293 2663 406 2736 Qui
422 2667 674 2718 semblent
687 2669 845 2718 sor-tir
861 2665 1017 2718 d‘une
1037 2667 1183 2720 bofte.

221 2767 272 2800 2·
314 2747 498 2797 Oratio
529 2748 707 2798 vallus
751 2745 922 2796 am'mi
959 2757 1053 2799 est.
1099 2746 1184 2799 Sic

152 2821 331 2877 Schw.
359 2834 408 2874 at
427 2821 601 2875 Ruhk.
619 2823 786 2875 cultus
815 2840 832 2873 .·
853 2820 922 2875 sic
945 2857 960 2887 ‚
982 2821 1150 2893 inquit
1167 2859 1183 2885 ,

148 2904 358 2956 Erasm.
389 2911 436 2952 et
461 2897 674 2973 palatini
700 2898 926 2971 quinque
955 2917 968 2950 ς
994 2899 1183 2972 optime

151 2999 276 3034 cum
303 2977 705 3050 praecedentibus
724 2975 957 3032 cohaeret.
996 2979 1186 3030 Mure-

153 3070 235 3110 tus
253 3055 441 3128 aliique
462 3075 478 3108 .·
497 3059 691 3109 vultus.

223 3133 274 3184 3.
288 3131 710 3185 &circumtonsa
725 3169 739 3196 ,
763 3144 854 3184 etc.
880 3133 929 3183 A
958 3131 1095 3182 cultu
1109 3151 1187 3184 co·

153 3232 257 3268 mae
270 3212 517 3284 loquendi
531 3211 770 3264 formulas
786 3208 1067 3283 desumptas
1082 3229 1186 3263 esse

157 3292 225 3344 ad
243 3289 462 3344 nimium
484 3288 728 3343 orationis
749 3300 984 3340 ornatum
999 3286 1188 3339 descri-

156 3367 391 3421 bendum
408 3407 422 3434 ,
447 3380 568 3420 nota
590 3385 682 3418 res.
712 3364 842 3434 Quis
863 3385 908 3416 v.
921 3384 964 3416 c.
987 3364 1189 3436 ignorat

160 3443 426 3498 cincinnos
468 3457 516 3496 et
546 3445 720 3497 fucum
761 3455 809 3494 et
844 3441 1152 3495 calamistros
1170 3478 1185 3507 ,

163 3541 292 3594 quos
326 3525 610 3596 Augustus,
648 3521 842 3574 Seneca
875 3521 942 3573 al.
975 3519 1032 3572 in
1060 3521 1191 3574 Μω-

165 3614 338 3656 cenate
374 3601 619 3677 persecuti
653 3613 772 3653 sunt
806 3612 856 3652 et
886 3599 1186 3654 irriserunt?

165 3683 310 3737 Suet·
335 3682 469 3754 Aug.
493 3681 575 3733 86.
603 3682 788 3733 Auctor
807 3679 942 3734 Dial.
972 3679 1037 3730 de
1062 3699 1188 3732 corr.

165 3761 313 3832 Eloq.
339 3761 404 3813 26
425 3783 470 3834 p.
499 3758 590 3813 1'05
617 3760 694 3813 ed.
716 3758 914 3813 Schulz.
939 3759 1123 3810 Ruhk.

231 3843 282 3908 4.
316 3843 536 3896 Habere
579 3843 792 3912 aliquid
823 3842 968 3908 sacli-
1007 3841 1195 3892 Fracts‘

167 3921 284 3975 edd.
312 3941 432 3973 cum
458 3941 511 3974 a.
548 3940 588 3972 c.
616 3918 685 3970 R.
710 3921 784 3970 A.
819 3918 880 3970 F
875 3922 963 3971 icti
993 3917 1104 3972 Pal.
1145 3917 1192 3972 3.

67 4007 77 4016 ‘
165 3999 354 4053 Fracti
372 3997 600 4068 autficli
612 3997 718 4048 Pal.
740 4017 786 4049 α.
807 4009 854 4048 et
873 3995 982 4049 Col.
999 3997 1194 4048 Verum

165 4075 391 4150 judicavi
396 4076 570 4149 sacti,
587 4085 836 4127 servatum
861 4073 913 4126 in
931 4092 1034 4125 uno
1053 4073 1158 4124 Pal.
1171 4091 1190 4122 ι

1280 1966 1421 2035 quod
1448 1968 1553 2039 jam
1580 1967 1707 2020 olim
1736 1988 1793 2019 ex
1812 1969 2023 2040 conject.
2046 1986 2307 2022 commen·

1280 2045 1485 2099 daverat
1504 2048 1664 2099 Henr.
1688 2047 1861 2119 Steph.
1881 2062 1929 2101 et
1952 2068 2115 2121 nuper
2125 2046 2310 2119 proba-

1277 2123 1351 2175 vit
1376 2124 1564 2176 Matth.
1586 2126 1643 2176 in
1670 2126 1986 2197 Programm.
2011 2124 2175 2177 Schw.

1342 2201 1513 2254 5.Non
1526 2213 1606 2255 est
1617 2215 1981 2256 ornamentum
2001 2206 2150 2272 virile
2160 2243 2175 2270 ,
2197 2223 2313 2257 con·

1275 2282 1515 2334 tinnitus.
1538 2282 1799 2349 Quatenus
1824 2281 2041 2333 nimiam
2063 2281 2310 2334 orationis

1278 2357 1653 2427 venustatisque
1687 2358 2059 2411 accurationem
2086 2357 2311 2428 artisque

1280 2435 1613 2507 captationem
1652 2434 2053 2507 comprehendit.
2080 2435 2222 2486 Alias
2262 2449 2315 2487 et

1281 2512 1339 2564 in
1355 2512 1505 2565 laude
1530 2513 1763 2584 ponitur,
1792 2511 2043 2581 hahetque
2064 2511 2235 2565 locum
2256 2511 2315 2564 in

1279 2589 1345 2642 iis
1366 2590 1603 2642 omnibus
1620 2589 1825 2643 dicendi
1844 2590 2093 2657 sormulis,
2115 2590 2171 2641 in
2190 2609 2313 2660 quas

1283 2681 1415 2721 certa
1449 2667 1621 2736 aliqua
1659 2666 1933 2720 verborum
1961 2667 2047 2719 vel
2080 2667 2277 2720 ordinis
2296 2705 2312 2732 ,

1281 2743 1363 2798 vel
1396 2742 1677 2810 intervalli,
1708 2744 1793 2797 vel
1819 2744 2189 2815 magnitudinis
2222 2745 2316 2796 di—

1280 2822 1480 2875 mensio
1518 2820 1667 2874 cadit.
1707 2822 1859 2875 Cons-
1897 2822 2099 2876 Ernesti
2136 2823 2314 2878 Lexic.

1280 2901 1502 2956 technol.
1522 2902 1607 2954 lat.
1627 2901 1943 2955 rhet.vocab.
1962 2901 2311 2973 Commta,

1281 3002 1330 3054 p.
1356 3000 1433 3050 77.
1453 2979 1633 3032 Rumc.

1349 3059 1399 3112 6.
1429 3058 1497 3113 δι’
1526 3062 1677 3114 nobis·
1705 3065 1951 3114 animum
1973 3062 2094 3113 boni
2113 3062 2221 3113 viri
2240 3063 2315 3114 li·-

1283 3149 1412 3193 ceret
1442 3140 1690 3204 inspicere
1732 3139 1824 3190 rel.
1857 3138 2095 3210 Respexit
2132 3139 2315 3190 Noster

1233 3225 1238 3230 “
1283 3217 1420 3270 haud
1445 3215 1599 3268 dubie
1625 3217 1714 3271 illa
1749 3216 1981 3270 Platonis
2008 3216 2240 3282 (Phaedr.
2263 3217 2314 3268 X

1285 3297 1383 3350 To.
1409 3316 1458 3367 p.
1484 3294 1585 3366 329
1609 3295 1683 3361 d.)
1713 3293 2070 3358 celeberrima,
2108 3311 2221 3364 que
2248 3293 2315 3346 ad

1285 3373 1610 3446 Ep.1.xxx1x‚
1634 3393 1679 3438 1,
1704 3371 1889 3426 adduxi
1910 3372 2131 3425 laudatis
2154 3371 2315 3424 Cicer.

1285 3450 1412 3502 locis
1428 3448 1527 3502 huc
1543 3451 1893 3523 spectantibus.
1908 3451 2191 3522 Sequentes
2208 3450 2317 3502 vir—

1284 3539 1413 3580 tutes
1432 3527 1635 3602 egregie
1654 3528 1919 3602 explicavit
1936 3529 2117 3582 Cicero
2139 3528 2205 3582 de
2223 3530 2319 3582 Of-

1287 3605 1417 3660 ficiis
1440 3607 1493 3670 1,
1522 3610 1550 3660 5
1574 3620 1667 3660 etc.
1696 3607 1773 3660 Cf.
1798 3607 1965 3662 Gai-ve
1989 3609 2055 3662 ad
2080 3608 2319 3663 Ciceron-

1286 3687 1314 3738 Ι
1331 3725 1350 3752 ,
1371 3706 1419 3758 p.
1444 3685 1509 3738 60
1534 3705 1645 3757 sqq.
1670 3685 1849 3740 Rubk.

1354 3784 1401 3828 7.
1417 3763 1622 3816 Proeter
1640 3765 1769 3830 has,
1798 3777 1890 3818 etc.
1914 3765 1955 3816 I.
1979 3786 2025 3818 e.
2049 3776 2097 3818 et
2122 3783 2193 3818 eae
2219 3764 2323 3816 vir-

1289 3852 1417 3894 tutes
1433 3881 1447 3902 ,
1495 3860 1609 3912 qoae
1650 3841 1757 3895 istis
1796 3855 2011 3914 quatuor
2052 3842 2319 3897 virtutibus

1291 3917 1631 3972 cardinalibus
1656 3921 2170 3990 comprehenduntur.
2192 3920 2264 3972 R.

1361 4006 1406 4052 8.
1431 3994 1755 4050 Liberalitas
1786 4019 1811 4049 e
1858 4011 2071 4068 quatuor
2104 3998 2203 4070 pal.
2239 4017 2320 4050 re-

1296 4071 1437 4125 duxi.
1462 4075 1621 4124 Antea
1646 4091 1659 4123 ε
1681 4074 1914 4126 libertas.
1940 4074 2118 4128 Ruhk.
