2667 4475
373 310 458 376 82
963 300 1050 371 L.
1099 296 1455 367 ANNAEI
1502 292 1925 366 SENECAE

258 465 314 498 αι
371 434 610 529 adjicit
651 429 973 501 remediis
1011 429 1351 499 medicina
1390 428 1697 521 consilia.
1730 464 1805 479 -
1842 454 1875 490 «
1910 428 2145 505 Error,
2206 428 2223 459 ¹
2248 426 2535 518 inquit,

377 568 480 623 est
507 574 706 621 causa
731 546 1099 643 peccandig,
1131 548 1318 615 hunc
1354 546 1551 614 nobis
1576 559 1918 639 praecepta
1944 566 2081 611 non
2108 540 2495 611 detrahunt
2512 594 2535 625 ‚

372 694 504 739 nec
539 679 932 762 expugnant
957 664 1312 757 opiniones
1340 660 1428 729 de
1456 662 1654 730 bonis
1679 684 1762 729 ac
1790 660 1983 729 malis
2008 658 2235 728 salsas.
2258 686 2293 722 n
2330 660 2543 727 Con-

373 785 544 855 cedo
565 835 585 869 ,
624 808 752 878 per
787 806 859 851 se
895 780 1202 849 efficacia
1233 794 1571 872 praecepta
1606 802 1745 845 non
1774 800 1923 845 esse
1961 774 2053 844 ad
2088 775 2537 843 evertendam

375 926 650 997 pravam
685 899 895 968 animi
924 897 1467 990 persuasionem3
1502 891 1625 963 sed
1656 919 1796 962 non
1830 892 1987 963 ideo
2008 943 2031 975 ‚
2072 916 2161 961 ne
2186 893 2341 961 aliis
2366 895 2543 986 qui-

376 1018 532 1087 dem
571 1016 872 1109 adjecta,
908 1012 1327 1108 proficiunt?
1362 1012 1667 1079 Primum
1709 1011 2103 1078 memoriam
2144 1026 2535 1094 renovant3

376 1134 630 1204 deinde
649 1184 673 1219 ,
716 1154 868 1225 quae
901 1132 975 1198 in
1001 1130 1322 1198 universo
1354 1127 1699 1195 confusius
1724 1124 2157 1221 videbantur,
2195 1126 2269 1192 in
2299 1140 2543 1218 partes

265 1283 328 1315 22
380 1252 598 1322 divisa
619 1238 1016 1342 diligentius
1037 1246 1583 1316 considerantur.
1620 1245 1756 1311 Aut
1784 1246 1901 1311 tu²
1937 1243 2064 1310 isto
2116 1240 2319 1309 modo
2370 1242 2541 1311 licet

381 1386 449 1439 et
477 1365 966 1460 consolationes
1001 1362 1188 1433 dicas
1225 1384 1711 1456 supervacuas,
1748 1376 1819 1429 et
1850 1361 2348 1430 exhortationes
2383 1388 2399 1428 :
2428 1380 2543 1430 at-

380 1486 499 1578 qui
533 1508 672 1552 non
707 1497 866 1549 sunt
898 1502 1375 1574 supervacuae3
1412 1502 1575 1571 ergo
1612 1502 1701 1545 ne
1734 1478 2142 1546 monitiones
2166 1468 2191 1512 ³
2214 1478 2535 1569 quidem.

379 1638 480 1653 -
504 1606 536 1663 ε’(
559 1599 850 1670 Stultum
899 1612 1040 1677 est,
1085 1597 1347 1688 inquit,
1397 1595 1772 1688 praecipere
1820 1616 2043 1686 aegm,
2097 1593 2269 1685 quid
2308 1594 2545 1661 facere

379 1736 700 1810 tanquam
753 1739 956 1784 sanus
1015 1713 1305 1798 debeatz,
1354 1736 1563 1805 quum
1612 1710 2037 1779 restituenda
2104 1712 2357 1779 sanitas
2400 1714 2539 1797 sit,

381 1836 530 1903 sine
559 1855 696 1923 qua
719 1832 915 1900 irrita
955 1847 1112 1899 sunt
1141 1845 1501 1924 praecepta.
1526 1854 1559 1893 n
1601 1827 1799 1920 Quid
1816 1878 1835 1909 ,
1869 1828 2057 1920 quod
2084 1826 2343 1895 habent
2368 1829 2543 1921 aegri

385 1947 694 2041 quaedam
733 1947 1017 2039 sanique
1047 1946 1431 2015 communia
1454 1994 1473 2027 ‚
1509 1943 1595 2012 de
1625 1942 1876 2035 quihus
1900 1942 2314 2012 admonendi
2342 1944 2549 2011 sunt?

385 2081 742 2156 tanquam,
787 2086 873 2130 ne
907 2060 1109 2130 avide
1147 2060 1335 2128 cibos
1372 2077 1696 2154 appetant
1720 2110 1739 2142 ‚
1790 2075 1868 2128 ut
1920 2059 2389 2129 lassitudinem
2434 2060 2547 2129 vi-

389 2196 559 2250 tent.
594 2180 865 2250 Habent
893 2175 1198 2272 quoedam
1242 2194 1583 2271 praecepta
1626 2176 2007 2245 communia
2036 2200 2299 2270 pauper
2327 2190 2397 2244 et
2422 2174 2544 2243 di-

274 2317 336 2371 23
387 2321 533 2368 ves.
557 2339 656 2352 —
683 2325 715 2362 «
741 2298 951 2380 Sana,
996 2298 1256 2389 inquit,
1295 2295 1645 2362 avaritiam
1673 2345 1691 2376 ,
1738 2311 1806 2362 et
1830 2293 2005 2362 nihil
2034 2293 2323 2363 habebis
2351 2292 2547 2387 quod

387 2414 750 2484 admoneas
775 2429 891 2481 aut
923 2435 1319 2507 pauperem,
1348 2426 1469 2478 aut
1494 2408 1775 2479 divitem
1796 2460 1816 2493 ,
1850 2412 1905 2477 si
1924 2410 2265 2504 cupiditas
2288 2410 2547 2479 utrius-

389 2557 524 2625 que
559 2523 935 2602 considet⁴.
961 2557 993 2592 n
1035 2527 1230 2620 Quid
1266 2510 1451 2620 quod
1487 2526 1675 2595 aliud
1712 2543 1844 2610 est,
1886 2551 2025 2596 non
2054 2529 2545 2621 concupiscere

391 2753 662 2806 eonsilium
687 2749 802 2802 libri
825 2767 1000 2801 omnes
1028 2767 1043 2800 t
1071 2747 1208 2817 quod
1232 2745 1411 2798 vocab.

393 2847 592 2903 prorsus
623 2825 965 2898 abjiciendum
1001 2824 1196 2875 censuit
1229 2823 1367 2874 idem
1397 2861 1411 2884 ‚

393 2925 545 2978 quem
569 2906 723 2957 modo
749 2902 976 2956 dicebam
994 2937 1008 2964 ,
1035 2901 1112 2952 vir
1141 2901 1333 2952 doctus.
1356 2897 1415 2951 Si

392 2997 564 3038 teneas
586 2981 862 3036 consilium
883 3017 896 3046 ,
915 2977 1279 3049 distinguenda
1299 2979 1416 3027 fue-

393 3064 462 3116 rit
484 3062 644 3116 oratio
665 3101 679 3123 ,
703 3071 760 3112 ut
783 3059 840 3111 in
864 3055 1206 3130 superioribus
1231 3053 1290 3108 ed
1299 3053 1416 3106 itio-

394 3139 546 3194 nibus
571 3157 584 3193 :
607 3141 664 3190 c’n
683 3155 742 3190 os
771 3136 1072 3190 occure-entis
1095 3135 1232 3186 evita
1259 3150 1276 3185 .·
1299 3133 1415 3184 alia

339 3241 350 3260 ¹
395 3217 700 3285 ejusmodi...
721 3214 1015 3284 proficiunt.
1053 3211 1253 3278 Adjicit
1288 3229 1414 3262 rem.

397 3296 531 3346 med.
551 3293 842 3346 consilium.
865 3293 934 3342 At
955 3288 1026 3340 sie
1051 3287 1214 3338 otiose
1235 3284 1416 3356 repeti·-

395 3383 506 3423 tum
529 3370 678 3422 suerit
697 3368 754 3421 id
789 3367 930 3438 quod
954 3363 1105 3439 paulo
1135 3376 1252 3417 ante
1277 3364 1416 3416 dixe-

395 3464 475 3503 rat
490 3489 506 3516 ,
523 3451 756 3503 medicus
780 3467 882 3500 non
903 3455 1108 3498 tantum
1129 3453 1303 3507 curae,
1321 3445 1419 3496 sed

397 3530 556 3582 etiam
579 3535 764 3580 monet.
791 3525 952 3578 δάκω.

471 3627 511 3660 ι.
548 3605 746 3669 Error,
785 3607 1057 3672 inquit...
1091 3601 1418 3671 proficiunt?

401 3687 571 3740 Aristo
585 3687 614 3755 S
627 3683 853 3740 &mihil
867 3682 1000 3734 euim
1015 3679 1281 3756 proficient
1301 3699 1420 3752 pre·

401 3777 540 3838 cepta
567 3801 581 3828 ,
608 3761 852 3834 quamdiu
875 3761 1036 3813 menti
1067 3779 1208 3812 error
1229 3760 1421 3811 offusus

401 3855 487 3895 est.
507 3865 534 3892 x·
565 3841 668 3895 Sed
691 3860 757 3893 an
781 3840 895 3893 ideo
927 3839 1122 3891 nullam
1153 3837 1421 3890 utilitatem

399 3923 617 3990 liabent,
657 3941 752 3974 nee
776 3921 817 3972 si
853 3918 964 3972 aliis
1003 3937 1044 3972 e.
1083 3937 1126 3971 c.
1163 3919 1424 3973 memoriae

401 4001 596 4073 adjecta
629 3996 860 4052 fuerint?
889 4003 908 4063 (
933 3995 1048 4049 Nisi
1092 3995 1230 4049 enim
1275 4010 1423 4070 post:

397 4081 674 4150 proficiunt
706 4077 912 4150 signum
951 4075 1192 4148 interrog.
1227 4094 1421 4148 ponas,

1512 2743 1709 2796 nullum
1761 2763 1963 2796 sensum
2013 2742 2179 2797 elicies
2238 2744 2357 2796 satis
2408 2744 2541 2798 ido-—

1511 2825 1711 2888 neum.)
1736 2823 1915 2876 Ruhk.

1580 2923 1622 2952 τι.
1638 2903 1753 2953 Aa!
1763 2911 1834 2952 tu.
1857 2899 1947 2953 Sic
1964 2899 2080 2952 libri
2110 2911 2234 2953 vett.
2248 2903 2331 2954 At
2348 2909 2406 2954 Iu
2424 2903 2541 2954 edd.

1509 2996 1539 3029 a
1564 2977 1795 3030 Gronov.
1822 2977 1986 3033 δάιον.

1577 3055 1623 3108 3.
1666 3055 1813 3125 Ergo
1849 3075 1912 3108 ne
1952 3059 2259 3110 monitiones
2308 3057 2542 3125 quidem.

1511 3135 1667 3186 Recte
1709 3133 1809 3187 hoe
1846 3147 2022 3188 monet
2066 3135 2263 3188 Seneca
2301 3153 2317 3188 t
2352 3154 2543 3208 magua

1514 3212 1639 3264 adeo
1657 3211 1972 3266 educationis
1992 3232 2105 3286 pars
2126 3225 2176 3266 et
2192 3213 2369 3288 legum
2389 3213 2449 3266 in
2464 3236 2547 3266 va·

1512 3311 1637 3344 num
1664 3292 1840 3348 abibit.
1866 3293 2145 3348 Enimvero
2174 3313 2281 3346 non
2303 3307 2441 3348 recte
2460 3296 2545 3348 hic

1515 3369 1740 3422 omisisse
1755 3371 1957 3425 videtur
1973 3371 2275 3424 sententiam
2291 3373 2545 3426 Aristonis

1514 3467 1669 3518 quum
1682 3450 1744 3502 de
1760 3449 1960 3516 virtute,
1974 3471 2128 3522 quam
2144 3451 2197 3503 in
2209 3449 2319 3502 sola
2335 3450 2544 3505 seientia

1513 3525 1639 3579 boni
1652 3526 1875 3599 malique
1890 3566 1904 3593 ,
1922 3541 2072 3600 atque
2086 3530 2141 3581 in
2157 3529 2335 3582 habitu
2351 3529 2509 3582 animi
2526 3568 2541 3590 ‚

1518 3622 1630 3674 quae
1661 3604 1875 3673 didicit,
1898 3608 2042 3659 factis
2074 3606 2177 3659 suis
2212 3605 2543 3680 expromendi

1519 3685 1769 3753 (φρονήσει
1794 3703 1832 3736 s.
1848 3686 2083 3754 ἔπιπῆμῃ
2104 3689 2144 3752 ),
2164 3697 2271 3737 tum
2298 3687 2363 3737 de
2382 3685 2510 3737 vitio
2526 3725 2543 3748 ,

1518 3761 1657 3831 quod
1678 3761 1733 3812 in
1749 3781 1849 3814 una
1866 3763 2131 3816 inscientia
2152 3763 2391 3835 ponebat.
2408 3762 2547 3815 Con-

1518 3851 1595 3891 tra
1628 3838 1763 3892 hanc
1788 3839 2091 3892 divisionem
2116 3853 2167 3893 et
2190 3839 2545 3894 definitionem

1520 3913 1842 3990 Chrysipqu
1867 3918 2218 3992 disputaverat.
2260 3919 2342 3972 cf.
2368 3919 2551 3992 philo-

1518 3994 1621 4068 log.
1650 3995 1785 4051 Bibl.
1810 3995 1845 4048 l.
1870 3996 1905 4049 l.
1931 3997 2113 4049 Ruhk.

1588 4078 1635 4142 4.
1666 4077 1903 4130 considet
1942 4087 2117 4128 tenent
2151 4097 2206 4129 a.
2239 4095 2281 4130 c.
2317 4079 2391 4130 Α.
2436 4097 2548 4131 cum
