2667 4475
437 312 938 385 PHYSIOL.
991 312 1502 388 sTolcon.
1551 320 1745 422 mn.
1792 322 1899 389 11.
2090 331 2223 421 ⁵9⁵

105 464 254 525 Aun.
281 460 409 524 Non
433 474 553 535 est,
580 460 661 520 mi
684 456 880 541 Lipsi3
909 478 1092 539 eoque
1116 460 1379 523 resistere
1404 474 1463 523 te
1492 450 1664 523 etiam
1688 464 1922 547 rogabo,
1952 478 2009 527 et
2038 466 2231 546 edere,

107 568 245 649 quid
271 569 350 629 ita
377 566 714 651 Posidonius
739 564 975 625 Stellam
997 606 1014 639 ,
1049 564 1293 627 divinum
1321 588 1519 649 corpus
1550 567 1897 631 definiebat?
1925 569 2079 633 Lu’s.
2106 574 2238 635 Jam

107 674 319 735 dictum
349 686 448 733 aut
476 684 687 733 tactum
715 672 920 753 saepius
937 714 954 745 ‚
1000 668 1202 731 Omnis
1241 673 1414 735 aether
1432 718 1451 750 ,
1500 686 1559 735 et
1599 677 1789 737 omnia
1830 677 2103 755 aetherea,
2141 683 2239 742 Dii

109 792 237 839 sunt
267 803 282 839 ε
315 778 450 861 quia
484 778 828 859 participant
847 821 866 853 ,
907 789 1006 837 aut
1043 791 1302 841 constant
1327 781 1580 842 maxime
1610 802 1685 841 ex
1717 782 1815 843 illo
1846 783 2009 866 Igne.
2042 786 2245 869 Augu-

108 888 282 947 stinus
318 883 444 968 (IV
483 886 572 945 De
612 884 736 943 Civ.
779 906 906 965 cap.
948 882 1045 965 11)
1079 908 1098 945 ε
1136 912 1164 940 α
1193 886 1411 947 Dicunt
1440 889 1631 949 omnia
1658 889 1845 951 sidera
1870 904 2059 973 partes
2088 893 2247 957 Jovis

108 1012 228 1051 esse
248 1035 265 1067 ,
293 1002 352 1050 ct
375 991 568 1049 omnia
591 991 786 1050 vivere
802 1034 820 1065 ,
852 1002 1022 1071 atque
1043 991 1347 1051 rationales
1371 994 1589 1052 animas
1612 994 1824 1057 habere
1840 1040 1857 1070 ,
1888 1009 1947 1056 et
1973 996 2107 1059 ideo
2126 1000 2251 1061 sine

109 1098 486 1159 controversia
517 1096 672 1157 Deos
717 1118 860 1157 esse.
903 1123 930 1149 ιι
977 1095 1054 1157 Et
1087 1098 1241 1179 apud
1275 1096 1561 1159 Stohaeum
1603 1098 1759 1164 Zeno
1785 1102 1867 1162 ait
1896 1126 1915 1163 a
1952 1129 1981 1157 «ι
2019 1103 2208 1165 Solem
2232 1150 2249 1181 ,

111 1204 356 1279 Lunam,
391 1216 450 1263 et
479 1203 704 1286 singula
739 1202 1020 1263 astrorum
1047 1204 1288 1263 aliorum
1307 1248 1326 1279 ,
1368 1226 1492 1265 esse
1534 1206 1945 1289 intelligentem
1966 1252 1985 1283 ,
2018 1212 2269 1292 sapien-

106 1324 222 1371 tem
251 1312 484 1394 igncum
517 1312 712 1393 ignem
729 1354 748 1385 ‚
789 1323 1060 1391 tanquam
1101 1323 1222 1371 arte
1255 1324 1628 1373 constantem.
1678 1312 1830 1375 Aun.
1871 1314 1995 1375 Hui
2022 1356 2041 1389 ,
2076 1317 2255 1377 intel-

106 1408 386 1500 ligentem·
425 1416 746 1499 sapientes?
777 1414 932 1477 Lu’s.
962 1417 1076 1478 Vel
1109 1418 1361 1477 maxime
1380 1460 1399 1491 ,
1440 1430 1501 1477 et
1528 1440 1703 1499 supra
1741 1420 1879 1479 alias
1911 1404 2251 1485 animantes.

115 1525 313 1584 Cicero
356 1522 456 1607 (II
487 1524 574 1583 De
607 1524 742 1583 Nat.
782 1522 1000 1605 Deor.)
1041 1548 1058 1582 ε
1095 1551 1124 1579 ιι
1151 1524 1355 1585 Sidera
1388 1524 1697 1585 aethereum
1732 1527 1923 1587 locum
1960 1526 2253 1603 obtinent,

112 1634 210 1713 qui
239 1632 510 1712 quoniam
537 1632 904 1691 tenuissimus
944 1642 1031 1717 est
1045 1674 1064 1704 ,
1096 1644 1156 1691 et
1185 1652 1414 1713 semper
1440 1633 1687 1714 agitatur
1712 1644 1771 1694 et
1794 1634 1951 1716 viget
1976 1656 1996 1693 ε
2026 1656 2259 1699 necesse

109 1750 195 1799 est
211 1780 228 1813 ,
273 1737 429 1819 quod
463 1737 676 1797 animal
707 1738 771 1797 in
808 1758 876 1797 eo
909 1736 1210 1819 gignatur,
1265 1737 1423 1797 idem
1464 1760 1693 1819 quoque
1732 1760 1905 1800 sensu
1944 1744 2255 1815 acerrimo,

107 1858 165 1905 ct
191 1845 510 1907 mobilitate
543 1844 840 1903 celerrima
879 1864 1065 1903 esse.»
1097 1842 1248 1903 Am).
1273 1842 1431 1927 Ergo
1454 1856 1515 1905 et
1532 1846 1859 1907 Animalia?
1886 1847 2041 1909 ers.
2070 1848 2259 1931 Quip-

106 1953 229 2033 pini
271 1975 288 2011 ε
323 1964 379 2011 et
417 1951 714 2011 rationalia
733 1993 751 2024 ,
785 1950 1158 2026 immortalia,
1203 1962 1304 2011 aut
1340 1964 1495 2013 certe
1530 1952 1807 2036 longaeva.
1847 1954 2049 2038 Neque
2086 1958 2260 2017 nimis

105 2056 223 2116 haec
255 2055 444 2117 rideas
470 2080 486 2115 z
515 2069 601 2117 est
636 2057 894 2137 invenire
931 2058 1081 2117 inter
1113 2058 1393 2138 primores
1430 2058 1556 2120 illos
1585 2058 1815 2122 Pati-um
1832 2104 1851 2136 ,
1876 2064 1977 2143 qui
2002 2065 2125 2123 istis
2144 2084 2262 2125 an·-

104 2175 372 2223 nuerunt.
399 2161 706 2246 Origenes,
734 2162 1118 2223 doctrinarum
1145 2163 1377 2225 eulmen
1396 2206 1431 2242 „
1450 2190 1478 2217 α
1501 2164 1645 2225 Solis
1662 2208 1681 2240 ,
1708 2178 1765 2225 et
1787 2165 1959 2229 Lunae
1977 2210 1995 2243 ,
2022 2180 2082 2227 et
2112 2168 2262 2229 Stel-

102 2268 290 2329 larum
323 2270 544 2328 animas
566 2295 594 2322 »
623 2271 856 2352 agnovit
880 2292 896 2328 z
929 2295 958 2323 ιι
983 2289 1172 2350 neque
1193 2291 1262 2328 eo
1290 2249 1484 2331 tamen
1516 2282 1773 2351 tempore
1788 2317 1803 2342 ,
1848 2293 1965 2354 quo
2004 2273 2259 2339 Mundus

103 2374 286 2436 factus
311 2386 396 2432 est
420 2417 438 2448 ,
478 2389 602 2433 esse
636 2375 910 2454 coepisse,
941 2373 1044 2432 sed
1067 2385 1375 2454 antequam
1407 2375 1607 2436 lucens
1638 2375 1781 2435 illud
1814 2389 1871 2436 et
1899 2378 2105 2440 ardens
2128 2401 2261 2440 cor-⁶

101 2503 213 2564 pus
249 2481 526 2539 intrarent
549 2501 566 2536 ε
597 2505 624 2531 ι»
659 2478 816 2562 quod
842 2479 1230 2558 Hieronymus
1265 2479 1339 2538 de
1368 2501 1437 2547 eo
1464 2479 1595 2561 plus
1612 2481 1859 2562 simplici
1877 2485 2003 2544 viee
2022 2497 2261 2548 testatur

101 2587 330 2670 (Epist.
371 2606 471 2646 mx
499 2584 573 2644 ad
609 2581 886 2666 Avitum).
923 2583 1000 2644 Et
1021 2583 1184 2643 Philo
1203 2584 1436 2646 Judaens
1464 2608 1639 2667 quam
1670 2609 1821 2670 saepe
1858 2591 1942 2651 sic
1978 2591 2259 2654 Platonis—

103 2695 228 2754 sat?
251 2693 460 2754 Scribit
491 2692 628 2752 alibi
647 2689 748 2772 (de
771 2689 978 2772 Opific.
1005 2687 1255 2774 Mundi)
1278 2715 1296 2750 =
1327 2717 1357 2744 ιι
1379 2692 1579 2755 Stellas
1600 2699 1775 2754 sensti
1792 2695 2087 2776 praeditas,
2110 2700 2259 2760 ima-

103 2803 268 2883 gines
285 2801 506 2860 divinas
538 2812 595 2861 et
613 2798 1046 2881 pulcherrimas.
1070 2823 1100 2852 »ι
1120 2797 1392 2881 Item(de
1413 2795 1657 2880 Insom.)
1684 2823 1703 2859 ε
1732 2827 1761 2854 α
1788 2798 2257 2884 Incorruptibiles

107 2921 166 2968 et
195 2907 544 2968 immortales
565 2907 843 2966 animas.»
878 2903 1210 2987 Iterumque
1233 2904 1334 2987 (de
1363 2905 1569 2987 Opifie.
1602 2907 1853 2992 Mundi)
1876 2933 1893 2968 ε
1924 2935 1953 2964 a
1970 2911 2257 2974 Animalia

107 3035 231 3074 esse
256 3013 545 3088 dicuntur,
580 3025 638 3073 et
666 3013 932 3073 animalia
954 3012 1351 3094 intelligentia.
1376 3012 1563 3095 Magis
1594 3026 1783 3075 autem
1796 3035 2045 3098 quaque
2060 3039 2256 3082 earum

106 3120 276 3181 Mens
302 3133 390 3180 est
404 3165 422 3195 ,
457 3119 716 3200 undique
747 3131 803 3180 et
829 3120 1063 3178 omnino
1088 3119 1240 3178 bona
1257 3162 1274 3192 ,
1308 3132 1367 3180 et
1398 3121 1583 3180 omnis
1610 3122 1747 3182 mali
1770 3123 2037 3203 incapax.
2067 3150 2094 3178 ιι
2124 3125 2254 3191 Non

109 3239 296 3288 tamen
318 3271 335 3301 ,
371 3239 437 3287 ut
467 3227 604 3287 alibi
628 3225 836 3286 fatetur
857 3224 958 3309 (de
981 3223 1253 3306 Pietate),
1287 3227 1385 3286 Dii
1410 3239 1572 3299 sunt3
1596 3226 1699 3287 sed
1720 3249 1737 3284 ε
1770 3255 1799 3282 α
1826 3227 2098 3290 Praesides
2121 3234 2257 3313 qui-

107 3335 240 3395 dam
259 3379 276 3409 ,
324 3347 390 3394 ut
420 3335 498 3393 ita
542 3333 728 3393 dicam
751 3376 768 3406 ,
809 3330 1212 3414 Sub-praefecti
1247 3333 1503 3392 omnium
1538 3334 1810 3414 parentis.
1843 3360 1871 3388 ι»
1910 3334 2253 3400 Posteriores

109 3435 294 3500 Judaei
335 3454 391 3500 et
426 3439 640 3499 Rabini
669 3439 804 3499 talia
821 3482 838 3512 ,
871 3449 970 3498 aut
998 3438 1312 3510 deteriora;
1342 3459 1486 3519 quos
1518 3449 1746 3499 secutus
1787 3440 2021 3522 quidam
2060 3454 2253 3506 nostro

113 3571 230 3608 aevo
268 3543 569 3607 Animalia
609 3545 859 3605 calestia
902 3543 1170 3605 audacter
1203 3547 1443 3605 asseruit
1460 3589 1477 3620 ,
1510 3557 1568 3606 et
1597 3547 1785 3627 ipsum
1814 3547 2089 3612 Mundum
2119 3554 2255 3612 ani-

113 3661 349 3714 matum.
381 3651 558 3712 Nobis
581 3651 838 3711 modesta
863 3653 1142 3712 sententia
1163 3651 1387 3726 sedeat,
1412 3673 1537 3734 quae
1566 3665 1651 3712 est
1673 3652 2089 3739 Theologorum
2114 3681 2130 3716 ε
2153 3659 2256 3740 qui

111 3761 348 3821 Animas
369 3757 603 3841 quidem
627 3763 725 3816 aut
744 3757 932 3838 potius
963 3757 1373 3840 Intelligentias
1406 3759 1735 3839 conjunctas
1766 3761 2115 3833 attribuunt3
2150 3763 2255 3823 sed

114 3889 230 3925 non
253 3878 318 3926 ut
340 3869 450 3932 σῖδῂ
473 3867 694 3929 οὖσιῶδη
712 3907 728 3938 ,
742 3859 975 3950 sannas
1001 3864 1350 3934 essentiales,
1384 3885 1491 3924 nec
1523 3885 1647 3946 quae
1672 3865 1885 3931 faciant
1910 3889 2089 3929 unum
2122 3890 2259 3929 cor-

115 3997 246 4054 pus.
285 3975 435 4035 Aen.
468 3973 529 4034 Si
556 3986 747 4033 tamen
780 3971 858 4030 ita
885 3981 1104 4030 veteres
1121 4013 1138 4045 ,
1167 3971 1284 4050 jam
1311 3993 1427 4031 non
1455 3974 1632 4032 miror
1652 3973 2074 4034 Divinationem
2097 3979 2262 4038 astris

125 4079 400 4166 assignari
418 4124 437 4156 ,
461 4092 522 4140 et
547 4081 618 4140 ab
647 4080 716 4139 iis
745 4078 864 4160 peti
877 4121 896 4154 ,
921 4076 1004 4137 sic
1029 4075 1257 4137 divinis.
1289 4073 1367 4136 Et
1384 4078 1590 4138 merito
1610 4099 1748 4140 sane
1765 4079 2046 4164 Astrologi
2064 4080 2265 4146 Stoicis
