2667 4475
802 318 1342 399 EPlsToLA
1388 318 1561 387 CII.
2133 324 2253 389 185

133 447 264 517 dies
288 460 359 517 et
380 470 509 515 nox
526 450 704 517 aeris
724 448 941 517 infimi
964 451 1147 517 vices
1171 463 1351 517 suut.
1383 448 1586 518 Tunc
1605 449 1678 515 in
1698 444 1998 516 tenebris
2013 449 2258 519 vixisse

140 582 197 633 te
219 566 433 647 dices,
466 588 675 657 quum
702 544 908 635 totam
934 564 1153 633 lucem
1191 579 1371 633 totus
1395 564 1770 658 aspexeris;
1803 586 2004 656 quam
2024 586 2208 633 nunc
2227 614 2252 651 ‚

138 706 251 775 per
296 682 805 776 angustissimas
859 681 1210 751 oculorum
1256 682 1429 767 vias,
1485 680 1772 750 obscure
1823 681 2136 765 intueris,
2190 696 2262 749 et

136 812 337 865 tamen
386 796 751 867 admiraris
791 796 975 867 illam
1013 796 1157 890 jain
1183 797 1423 891 procul
1448 802 1499 864 ¹.
1531 796 1725 891 Quid
1751 796 1874 864 tibi
1913 795 2262 865 videbitur
2311 832 2377 885 ²9

135 910 351 981 divina
388 914 502 981 lux
522 962 545 999 ,
587 937 796 1007 quum
846 914 1032 982 illam
1068 938 1193 982 suo
1234 912 1384 982 loco
1421 910 1728 981 videris?
1751 914 1914 981 Haee
1937 914 2260 1007 cogitatio

134 1030 293 1098 nihil
318 1030 669 1101 sordidum
694 1033 921 1100 animo
944 1030 1298 1101 subsidere
1325 1032 1526 1117 sinit,
1559 1028 1736 1099 nihil
1763 1030 2049 1114 humile,
2083 1030 2262 1099 nihil

136 1145 416 1217 crudele.
472 1152 651 1217 Deos
687 1172 918 1217 rerum
971 1149 1271 1217 omnium
1322 1172 1469 1217 esse
1525 1162 1727 1217 testes
1779 1148 1916 1235 ait3
1962 1147 2098 1215 illis
2136 1171 2262 1215 nos

138 1262 481 1357 approbari
500 1268 557 1346 ²,
592 1264 730 1332 illis
754 1266 829 1336 in
867 1266 1167 1333 futurum
1196 1267 1425 1358 parari
1449 1263 1649 1358 jubet
1669 1314 1690 1348 ‚
1723 1279 1792 1333 et
1817 1264 2263 1332 aeternitatem

134 1400 499 1471 proponere
519 1408 541 1467 3
571 1404 771 1473 quam
798 1383 919 1474 qui
946 1396 1173 1450 mente
1192 1382 1510 1477 concepit
1527 1430 1558 1480 ‚·
1579 1380 1805 1450 nullos
1822 1379 2060 1447 horret
2081 1400 2264 1447 exer·

136 1494 288 1563 citus
307 1546 325 1577 ,
360 1520 498 1565 uon
527 1512 825 1566 terretur
850 1498 1015 1567 tuba
1036 1548 1055 1583 ‚
1088 1492 1296 1567 nullis
1319 1498 1410 1566 ad
1437 1500 1747 1567 timorem
1773 1497 1978 1564 minis
2002 1496 2255 1589 agitur.

132 1606 374 1699 Quidni
406 1634 548 1679 non
578 1612 811 1680 timeat
828 1604 885 1695 ³,
920 1614 1041 1704 qui
1068 1616 1243 1683 mori
1269 1616 1550 1706 sperat?
1574 1616 1633 1685 si
1659 1616 1720 1685 is
1743 1636 2016 1706 quoque
2039 1663 2059 1695 ‚
2094 1605 2120 1655 ⁴
2143 1612 2264 1703 qui
2317 1624 2384 1676 30

132 1726 403 1795 animum
450 1727 709 1795 tamdiu
734 1726 1003 1819 judicat
1044 1753 1319 1799 manere
1371 1730 1698 1823 quamdiu
1738 1732 2076 1798 retinetur
2114 1752 2266 1796 cor-

136 1844 297 1933 poris
318 1844 597 1913 vinculo
616 1894 639 1929 ,
672 1836 1005 1915 solutum⁵
1038 1848 1263 1915 statim
1302 1850 1580 1942 spargi,
1625 1848 1698 1916 id
1734 1850 1880 1941 agit
1902 1897 1925 1932 ,
1958 1864 2033 1915 ut
2061 1848 2265 1916 etiam

134 1975 265 2048 post
310 1977 597 2029 mortem
637 1960 827 2029 utilis
864 1984 1015 2030 esse
1051 1963 1289 2055 possit.
1334 1964 1668 2056 Quamvis
1703 1966 1884 2032 enim
1926 1965 2076 2059 ipse
2111 1986 2268 2031 ere-

136 2089 274 2163 ptus
307 2077 394 2144 sit
424 2076 679 2161 oeulis,
720 2092 948 2159 tamen

466 2200 635 2253 Multa
658 2200 757 2254 viri
780 2200 943 2255 virtus
964 2201 1169 2268 anim,
1195 2202 1484 2275 multusque
1509 2216 1729 2258 recursat

476 2285 661 2344 Gentis
683 2284 904 2340 honm‘.

133 2395 384 2489 Cogita,
419 2414 754 2492 quantum
784 2396 981 2468 nobis
1011 2400 1320 2492 exempla
1355 2400 1536 2470 bona
1567 2403 1866 2494 prosint3
1907 2403 2081 2472 scies
2115 2427 2268 2472 ma-

135 2533 401 2600 gnorum
436 2515 739 2582 virorum
762 2563 783 2594 ‚
834 2536 977 2584 nou
1018 2513 1245 2586 minus
1304 2537 1508 2607 quam
1567 2517 1988 2608 praesentiam
2014 2521 2068 2600 ⁷,
2119 2540 2266 2590 esse

134 2629 345 2700 utilem
384 2631 811 2704 memoriam.
850 2630 1041 2700 Vale.

1308 2827 1357 2876 5.
1369 2825 1632 2888 Solutum,
1645 2845 1697 2877 a.
1708 2843 1750 2879 c.
1764 2823 1835 2877 R.
1846 2825 2094 2898 A.Vulgo
2112 2846 2268 2881 exso·

1242 2907 1430 2958 lutum.
1449 2904 1608 2956 &hw-
2009 2903 2026 2924 ⁴

1307 2980 1356 3033 6.
1375 2981 1609 3036 Multa...
1626 2981 1802 3040 honos,
1818 2982 2006 3038 Venus
2019 2996 2138 3040 suut
2151 2984 2271 3036 Vir-

1248 3057 1364 3129 gilii
1411 3059 1537 3111 AEn.
1587 3059 1660 3110 IV
1710 3059 1848 3124 init„
1898 3060 2084 3131 quibus
2128 3061 2268 3115 Dido

1248 3137 1474 3189 AEneam
1498 3138 1751 3190 describit.
1775 3139 1958 3192 Ruhlc.

1312 3235 1356 3282 7.
1383 3217 1508 3268 Non
1529 3221 1704 3268 minus·
1724 3236 1886 3285 quam
1904 3221 2266 3284 pra-rentiam.
2367 3241 2374 3252 ·

132 2821 296 2890 tensio)
310 2841 325 2877 ε
340 2844 367 2870 κ
384 2823 509 2876 Una
525 2822 681 2896 igitur
696 2823 882 2876 erimus
904 2821 1042 2877 beati
1064 2843 1146 2877 co·

132 2898 339 2967 guitioue
356 2903 573 2954 Nature
590 2914 640 2953 et
658 2901 868 2954 scientia
882 2919 1020 2972 :qun
1036 2903 1146 2954 sola

132 2976 264 3027 etiam
300 2978 537 3032 Deorum
582 2991 655 3032 est
687 2979 789 3032 viu
819 2978 1092 3036 laudando.
1116 3001 1145 3026 a·

131 3051 198 3106 Of.
223 3056 375 3130 Lipsii
394 3057 627 3129 Physiol.
648 3059 753 3125 111,
782 3057 861 3124 24.
891 3059 1067 3112 Ruhk.

193 3151 231 3184 ι.
256 3139 576 3191 Animis-aris
614 3141 771 3192 illam
800 3145 917 3202 iam
948 3142 1149 3207 procul.

132 3207 205 3264 Sic
224 3233 313 3265 ms.
337 3237 391 3268 a.
418 3237 540 3270 cum
563 3217 642 3269 ed.
669 3217 929 3272 AJllam
946 3222 1145 3289 procid-

130 3285 192 3338 Β.
224 3291 393 3345 Illam
424 3305 543 3347 tam
563 3296 753 3362 pmcul
784 3315 877 3348 rus.
904 3317 949 3350 c.
970 3297 1143 3368 Vulgo

130 3373 231 3418 lam
247 3373 457 3438 procul,
482 3371 671 3442 absque
692 3375 863 3424 illam.
889 3371 1056 3428 Schw.

188 3463 231 3494 2.
244 3446 379 3501 Illos
389 3469 487 3502 nos
498 3451 1005 3520 approbarinjubet.
1020 3453 1143 3506 Hoec

130 3521 350 3594 cogitatio
368 3525 528 3596 iubet,
548 3539 603 3579 ut
616 3527 771 3580 vitam
788 3541 1009 3582 nostram
1027 3531 1143 3584 Diis

132 3599 369 3668 probatam
390 3605 653 3659 faciamus·

186 3674 230 3728 3.
260 3677 469 3751 Quidni
485 3701 589 3736 non
608 3685 806 3736 tiam!-
833 3683 937 3738 Cur
960 3685 1047 3738 ille
1066 3685 1145 3738 ti·-

132 3771 257 3809 more
278 3773 461 3830 agatur
474 3759 501 3812 3*
525 3763 705 3816 Ruhk.

186 3833 229 3897 4.
250 3836 315 3888 Is
340 3857 566 3907 quoque,
590 3841 697 3910 qui.
716 3839 995 3914 Epicurum*
1018 3853 1141 3894 tau-

130 3927 233 3978 gere
252 3915 453 3968 videtur
476 3955 491 3980 ,
516 3918 657 3990 cujus
688 3917 753 3970 de
782 3931 961 3972 natura
979 3918 1141 3971 animi

131 3998 174 4036 et
226 3990 601 4048 immortalitate
655 4017 859 4051 sensum
907 3996 1143 4070 explicuit

134 4063 379 4126 Lucretius
402 4073 495 4128 lib.
520 4075 684 4137 tertio.

1241 3313 1356 3347 esse
1375 3297 1561 3347 utilem
1578 3299 1905 3348 memoriam.
1926 3293 2012 3348 Sic
2035 3295 2146 3348 1³21.
2171 3318 2200 3348 2
2221 3309 2272 3349 et

1241 3371 1289 3423 3.
1316 3371 1422 3424 Alii
1447 3371 1564 3424 libri
1591 3385 1781 3426 veteres
1805 3391 2009 3436 omnes,
2035 3393 2138 3425 non
2158 3378 2272 3426 me·-

1240 3469 1342 3503 rms
1366 3453 1706 3519 pmsentiam
1739 3469 1852 3504 esse
1889 3453 2072 3504 utilem
2105 3471 2270 3521 quam

1240 3531 1568 3581 memoriam.
1591 3527 1743 3581 Unde
1761 3528 1918 3601 vulgo
1934 3565 1950 3592 ,
1973 3549 2078 3581 non
2095 3533 2270 3582 minus

1235 3611 1518 3672 proesente'a
1534 3625 1645 3658 esse
1661 3610 1842 3660 utilem
1861 3609 2188 3672 memoriam,
2209 3625 2272 3658 ex

1242 3685 1599 3738 emendatione
1621 3685 1839 3738 Erasini.
1862 3684 2068 3740 Poteras
2091 3699 2140 3739 et
2161 3706 2272 3739 cor-

1241 3762 1402 3832 rigere
1415 3803 1430 3828 ,
1471 3781 1574 3814 non
1613 3768 1787 3833 magae‘s
1827 3785 1990 3832 quam
2026 3783 2268 3832 prasen-

1240 3847 1375 3896 te‘am
1392 3854 1484 3895 etc.
1508 3841 1612 3895 Sed
1632 3855 1852 3897 veterem
1869 3846 2166 3917 scripturam
2183 3844 2268 3896 de-

1240 3921 1406 3972 fendit
1417 3919 1683 3986 Gruterus,
1704 3935 1762 3974 ut
1779 3922 1912 3974 mori
1925 3923 2132 3975 Senem
2145 3939 2270 3972 eon·

1240 3997 1548 4052 venientem.
1599 3999 1752 4052 Cous.
1787 4013 1894 4053 not.
1941 4000 2004 4053 ad
2043 3996 2268 4056 similem

1242 4075 1412 4130 locum
1436 4075 1593 4156 Epist.
1616 4090 1664 4129 c-
1686 4075 1847 4138 Sohar.
