2667 4475
270 646 331 700 31

275 1490 340 1545 32

276 2074 341 2129 33

961 285 1048 355 L.
1098 286 1457 355 ANNAEI
1505 286 1942 359 SENECAE

384 410 553 483 hinc
590 416 721 483 Cn.
768 416 1175 509 Pompeius,
1228 418 1392 486 satis
1429 440 1610 486 unus
1641 416 1968 487 adversus
2010 417 2280 503 omnia3
2321 438 2562 510 quum

384 529 505 597 alii
544 527 633 599 ad
672 530 1006 599 Caesarem
1055 532 1510 631 inclinarent,
1559 532 1678 611 alii
1730 533 1822 601 ad
1858 532 2301 627 Pompeium3
2357 532 2558 602 solus

386 646 552 713 Cato
598 644 757 714 feoit
798 646 1061 739 aliquas
1104 663 1175 715 et
1220 648 1620 741 reipublicae
1662 664 1916 743 partes.
1964 648 2040 719 Si
2085 648 2318 719 animo
2363 672 2554 717 com-

384 761 592 856 plecti
636 762 929 831 volueris
970 764 1157 832 illius
1203 767 1575 860 imaginem
1621 766 1986 857 temporis,
2036 762 2306 834 videbis
2345 764 2554 832 illinc

384 879 692 972 plebem¹
736 895 807 947 et
850 903 1129 949 omnem·
1164 896 1468 949 erectum
1509 878 1598 951 ad
1633 905 1745 949 res
1779 904 1994 959 novas
2020 880 2341 973 vulgum3
2373 880 2554 948 hine

386 998 741 1089 optimates
760 1001 818 1083 ³,
850 1013 919 1065 et
948 1011 1329 1091 equestrem
1359 998 1699 1081 ordinem,
1733 996 2074 1091 quidquid
2099 1014 2250 1065 erat
2270 999 2351 1065 in
2377 998 2558 1066 eivi-

384 1128 523 1181 tate
554 1115 768 1183 sancti
811 1096 880 1183 et
914 1113 1151 1201 electi3
1186 1113 1356 1183 duos
1383 1116 1457 1182 in
1491 1114 1719 1183 medio
1747 1116 2017 1183 relictos
2045 1113 2552 1208 rempublicam

386 1243 457 1297 et
483 1231 833 1299 Catonem.
865 1231 1265 1315 Miraberis,
1298 1232 1577 1323 inquam
1595 1280 1616 1314 ‚
1652 1255 1866 1323 quum
1889 1229 2470 1299 animadverteris

392 306 523 352 200

618 1366 851 1425 Attidem
874 1406 890 1433 ‚
910 1365 1271 1437 Priamumque
1294 1402 1311 1433 ‚
1339 1378 1390 1418 et
1409 1384 1600 1421 savum
1625 1364 1874 1431 ambobus
1898 1365 2188 1419 Achillem³
2204 1384 2221 1419 z

390 1494 760 1581 utrumque
793 1489 978 1557 enim
1012 1486 1354 1593 improbat
1375 1536 1396 1569 ‚
1434 1502 1804 1579 utrumque
1833 1502 2151 1556 exarmat.
2189 1490 2385 1557 Hanc
2413 1486 2554 1555 fert

391 1601 479 1673 de
512 1622 805 1698 utroque
844 1598 1247 1677 sententiam
1281 1606 1421 1673 :ait
1463 1630 1495 1667 «
1522 1628 1595 1672 se
1617 1653 1642 1690 ‚
1674 1594 1733 1671 si
1761 1606 1988 1673 Caesar
2015 1604 2297 1686 vicerit,
2334 1604 2556 1671 mori-

392 1735 662 1807 turum3
694 1712 753 1788 si
787 1723 1185 1813 Pompeius,
1218 1720 1704 1813 exsulaturum.
1743 1746 1771 1787 a
1807 1717 2000 1812 Quid
2033 1719 2334 1788 habebat
2359 1716 2552 1811 quod

392 1834 665 1901 timeret
684 1882 703 1917 ‚
740 1837 859 1928 qui
894 1834 1007 1928 [ea
1025 1828 1091 1927 ⁴]
1124 1836 1360 1905 sibiet
1402 1838 1584 1904 victo
1609 1886 1628 1918 ,
1669 1849 1740 1903 et
1778 1835 2019 1904 victori
2051 1834 2502 1903 constituerat
2521 1883 2544 1914 ,

393 1973 545 2042 quae
569 1940 929 2021 constituta
959 1974 1105 2021 esse
1130 1952 1218 2044 ab
1250 1953 1562 2022 hostibus
1605 1952 1984 2022 iratissimis
2023 1948 2396 2047 poterant?
2424 1952 2554 2019 Pe-

393 2067 513 2133 riit
537 2066 769 2158 itaque
795 2092 875 2135 ex
902 2068 1177 2136 decreto
1210 2092 1358 2160 suo.
1393 2068 1604 2138 Vides
1627 2119 1646 2153 ,
1679 2074 1876 2163 posse
1902 2069 2218 2138 homines
2243 2068 2550 2137 laborem

391 2184 531 2277 pati
567 2210 583 2251 z
616 2208 743 2277 per
780 2183 1038 2278 medias
1065 2184 1316 2254 Africae
1349 2185 1755 2255 solitudines
1778 2178 1808 2233 ⁵·
1830 2186 2042 2280 pedes
2068 2185 2261 2255 duxit
2284 2187 2552 2257 exerci-

392 2319 561 2370 tum.
580 2301 791 2371 Vid'es
806 2353 829 2388 ,
862 2327 1061 2399 posse
1088 2304 1382 2396 tolerare
1403 2306 1622 2372 sitim:
1646 2320 1714 2372 et
1736 2306 1810 2372 in
1839 2303 2128 2374 collibus
2143 2303 2503 2374 arentibus
2523 2355 2544 2390 ,

394 2422 543 2508 sine
560 2416 723 2510 ullis
748 2420 1254 2515 impedimentis
1274 2471 1301 2515 ².
1321 2421 1490 2490 victi
1519 2423 1858 2491 exercitus
1881 2421 2208 2515 reliquias
2234 2420 2546 2508 trahens,

394 2535 697 2628 inopiam
732 2534 1037 2603 humoris
1068 2534 1390 2604 loricatus
1428 2535 1624 2621 tulit3
1655 2551 1763 2620 et,
1796 2533 2067 2630 quoties
2109 2559 2302 2629 aquae
2329 2535 2552 2606 fuerat

398 2652 662 2722 occasio
687 2700 712 2737 ,
770 2651 1179 2742 novissimus⁸
1219 2643 1472 2720 bibit⁵.
1529 2650 1740 2720 Vides
1765 2703 1784 2736 ‚
1826 2653 2160 2736 honorem
2206 2667 2276 2720 et
2321 2671 2552 2722 notam

397 2791 597 2863 posse
629 2769 971 2835 contemni
1008 2793 1023 2833 ε
1057 2765 1293 2836 eodem
1314 2817 1333 2852 ‚
1375 2792 1512 2860 quo
1551 2769 1870 2862 repulsus
1907 2784 2048 2852 est,
2090 2767 2204 2837 die
2236 2769 2310 2837 in
2341 2769 2552 2837 comi-

405 3021 530 3071 tolt‘s
552 3026 911 3071 externarum.
946 3016 1061 3088 Sic.
1082 3017 1280 3088 inquit,
1306 3039 1433 3073 om-

407 3113 502 3166 nes
522 3094 670 3148 codd.
694 3107 743 3146 et
765 3093 879 3148 edd.
903 3107 1082 3170 preter
1102 3093 1259 3156 un‘am
1281 3117 1429 3162 rom„

1531 3019 1756 3072 Atridas
1774 3037 1792 3071 .·
1808 3018 1900 3072 sed
1923 3018 1987 3071 cf.
2009 3017 2084 3086 ibi
2105 3015 2348 3090 Heynins.
2369 3015 2550 3070 Ruhk.

1599 3098 1647 3164 4.
1678 3096 1790 3169 Qui
1821 3097 1934 3165 [ea]
1969 3098 2087 3150 sibi.
2120 3095 2233 3150 Alii
2249 3098 2554 3166 quinus-ibi.

408 3193 561 3248 quam
589 3172 705 3228 alie
740 3186 911 3248 postea
949 3187 1131 3230 secutae
1160 3188 1278 3229 sunt
1301 3194 1316 3230 z
1345 3186 1434 3230 tot.

408 3253 549 3306 Male
572 3251 804 3307 Pineian.
824 3253 1009 3325 inverti
1022 3256 1189 3309 voluit
1202 3257 1436 3310 ordinem

411 3331 682 3384 verborum
695 3332 832 3386 :hinc
842 3321 1221 3403 Cet-Pompeius
1236 3344 1438 3387 tomes!-

407 3427 622 3479 ἶφι-ωε.
640 3429 657 3463 .·
670 3422 720 3462 at
733 3409 923 3463 Seneca
937 3409 1107 3474 statim
1124 3410 1289 3464 addit:
1304 3415 1441 3465 satis

415 3507 551 3540 unus
573 3491 823 3541 adversus
836 3491 1030 3554 omnia.
1043 3488 1250 3542 cesaris
1272 3500 1441 3560 autem

415 3564 587 3638 copias
622 3565 835 3618 externis
874 3564 1123 3634 militibus
1161 3567 1442 3627 constitisse

416 3657 599 3696 notum
621 3656 724 3698 est:
743 3656 917 3708 contra
934 3642 1208 3716 Pompeius
1224 3655 1348 3696 tune
1361 3663 1440 3697 so-

418 3721 498 3775 lus
518 3734 621 3774 erat
642 3723 837 3788 Romo.
860 3720 1044 3775 Ruhk.

492 3821 531 3854 ι.
557 3800 722 3854 Illinc
736 3800 955 3869 plebem.
983 3800 1029 3850 A
1054 3796 1266 3872 Caesare.
1288 3799 1436 3867 Lips.

487 3897 535 3929 2.
562 3877 870 3946 optimates.
894 3878 940 3928 A
962 3876 1229 3951 Pompeio.
1250 3875 1400 3946 Lips.

486 3955 534 4008 3.
547 3957 817 4011 Achillem.
832 3957 1011 4010 Versus
1027 3968 1098 4008 est
1109 3955 1295 4028 'Vin-gil.
1313 3957 1441 4008 AEn.

422 4033 511 4088 lib.
537 4035 591 4102 l,
621 4055 745 4090 vers.
770 4037 869 4103 458
904 4035 991 4088 ubi
1030 4054 1167 4089 nunc
1210 4035 1442 4108 vulgatur

1533 3175 1737 3230 Rectius
1759 3173 2024 3246 abjicietur
2044 3173 2242 3245 vocula.
2265 3173 2430 3226 δῶν.

1601 3257 1649 3326 5.
1659 3253 1768 3306 Per
1778 3257 1986 3307 medias
1993 3253 2190 3325 Afiicoe
2201 3252 2552 3306 solitudines...

1533 3336 1836 3386 exercitum.
1849 3336 1894 3384 A
1906 3323 2122 3404 Cyrenis
2132 3328 2551 3400 inManritaniam

1536 3408 1811 3463 contendit.
1828 3407 2126 3461 Plutarchus
2142 3407 2200 3459 in
2219 3407 2319 3474 vita
2335 3417 2385 3458 et
2401 3408 2554 3459 maxi-

1537 3507 1621 3541 me
1637 3491 1866 3562 Lucanus
1883 3487 2107 3540 Pharsal.
2125 3485 2216 3540 lib.
2227 3485 2301 3537 lx
2318 3485 2552 3560 graphice

1535 3566 1637 3620 iter
1660 3579 1810 3639 atque
1832 3564 1938 3638 ejus
1960 3559 2288 3638 incommoda
2317 3563 2552 3632 exsequi-

1535 3657 1632 3698 tur.
1659 3644 1809 3712 Lips.

1601 3721 1649 3774 6.
1680 3713 2012 3773 Nouissimas
2040 3719 2188 3772 bibit.
2221 3717 2412 3770 Lucan.
2441 3717 2516 3770 IX
2531 3756 2548 3783 ,

1537 3804 1628 3874 591
1649 3821 1662 3854 τ
1679 3799 1990 3852 «...Ultimus
2001 3797 2205 3850 haustor
2219 3813 2381 3867 aqua,
2397 3817 2551 3868 quum

1536 3879 1740 3933 tandem
1767 3879 1908 3932 fonte
1929 3889 2126 3951 reperto
2147 3875 2330 3948 Indiga
2346 3891 2554 3950 conatur

1537 3959 1698 4012 laticis
1720 3971 1892 4030 potare
1915 3957 2171 4031 juventus,
2193 3956 2304 4009 Stat
2320 3953 2443 4030 dnm
2461 3955 2551 4008 lisa

1541 4035 1729 4088 bibat.»
1759 4034 1939 4087 Rublt.
