2667 4475
784 322 1320 395 EPISTOLA
1369 324 1662 393 CXXI.

2163 328 2292 397 335

136 462 231 533 ad
274 459 475 529 utilia
524 459 827 550 impetus
848 466 897 543 ¹,
932 452 1281 525 naturales
1314 476 1359 523 a
1393 454 1759 526 contrariis
1789 458 2295 550 aspernationes

137 592 303 649 sunt
332 598 351 643 ε
383 574 531 644 sine
554 572 697 641 ulla
724 569 1159 666 cogitatione,
1184 592 1335 661 quae3
1363 568 1498 639 hoc
1525 567 1737 641 dictet
1755 576 1812 659 ²,
1841 572 1990 641 sine
2015 573 2298 643 consilio

136 694 220 762 fit
241 744 262 776 ‚
306 687 651 784 quidquid
702 703 945 757 natura
992 678 1397 779 praecepit³.
1438 688 1596 757 Non
1637 687 1832 759 vides
1859 738 1882 773 ,
1923 702 2176 782 quauta
2209 692 2298 758 sit

136 806 483 881 subtilitas
520 803 767 901 apibus
799 800 891 875 ad
914 798 1239 897 fingenda
1270 801 1672 873 domicilia?
1708 821 1960 898 quanta
1987 796 2296 876 ⁴dividui

136 927 399 997 laboris
434 921 737 993 obeundi
772 919 1195 991 concordia?
1218 920 1375 1015 Non
1409 919 1602 989 vides
1631 970 1656 1007 ,
1687 944 1893 1013 quam
1921 922 2096 992 nulli
2121 948 2300 993 mor-
2347 952 2412 987 οι

136 1044 381 1113 talium
412 1038 767 1111 imitabilis
806 1036 925 1107 illa
970 1035 1203 1105 aranei
1246 1028 1595 1105 textura⁵i²
1619 1040 1856 1131 quanti
1891 1042 2119 1133 operis
2151 1042 2242 1111 sit
2267 1092 2294 1127 ,

134 1160 262 1229 fila
296 1157 665 1252 disponere
688 1204 711 1237 ‚
748 1154 883 1225 alia
917 1154 991 1221 in
1024 1166 1289 1223 rectum
1324 1152 1624 1225 immissa
1655 1154 2066 1227 firmamenti
2101 1158 2290 1243 loco,

132 1275 279 1345 alia
304 1274 379 1343 in
406 1272 647 1344 orbem
670 1268 1017 1355 currentia
1044 1290 1125 1335 ex
1150 1265 1361 1335 denso
1395 1270 1600 1337 rara?
1626 1292 1830 1361 quam
1855 1272 2121 1341 minora
2141 1274 2298 1343 ani·-

136 1389 347 1464 malia
368 1381 422 1473 ⁶,
467 1390 541 1457 in
576 1408 869 1481 quorum
902 1370 1281 1479 perniciem
1317 1382 1434 1451 illa
1478 1385 1889 1473 tenduntur,
1919 1389 2107 1459 velut
2136 1392 2300 1460 reti-

134 1506 273 1573 bus
310 1503 663 1598 implicata
689 1514 1053 1571 teneantur
1074 1498 1106 1567 Ρ
1125 1498 1447 1566 Nascitur
1472 1524 1584 1569 ars
1610 1502 1736 1571 ista
1755 1554 1778 1589 ,
1813 1528 1952 1573 non
1977 1503 2290 1577 discitur.
2349 1516 2413 1567 23

142 1623 391 1712 Itaque
423 1608 687 1687 millum
723 1632 827 1685 est
847 1612 1100 1683 animal
1128 1611 1346 1681 altero
1372 1612 1663 1685 doctius.
1693 1618 1977 1719 Videbis
2007 1645 2301 1690 araneo-

136 1758 299 1805 rum
318 1757 519 1830 pares
541 1732 736 1814 telas,
756 1754 885 1827 par
900 1731 975 1795 in
994 1728 1193 1797 favis⁷
1206 1728 1615 1820 angulorum
1642 1733 1942 1803 omnium
1963 1734 2290 1808 foramen.

132 1854 497 1920 Incertum
529 1863 633 1917 est
656 1864 727 1917 et
746 1842 1087 1937 inaequale
1116 1890 1137 1923 ‚
1179 1840 1523 1934 quidquid
1557 1869 1670 1916 ars
1699 1848 1914 1918 tradit
1941 1879 1961 1938 3
1995 1875 2077 1919 ex
2104 1878 2298 1947 aequo

133 1970 336 2039 venit
360 2018 381 2051 ,
420 1964 607 2059 quod
640 1978 885 2035 natura
921 1956 1299 2029 distribuit.
1342 1962 1508 2031 Haec
1553 1964 1734 2035 nihil
1771 1968 1989 2061 magis
2017 2020 2038 2053 ,
2092 1993 2294 2063 quam

136 2084 426 2154 tutelam
469 2082 577 2151 sui
624 2094 695 2149 et
740 2078 890 2173 ejus
940 2074 1259 2173 peritiam
1287 2124 1310 2159 ,
1363 2078 1690 2168 tradidi13
1747 2082 2042 2178 ideoque
2090 2088 2296 2155 etiam

208 2295 255 2332 ι.
292 2277 585 2331 Naturales
625 2277 705 2328 ad
736 2275 891 2327 utilia
916 2274 1142 2342 impetus
1162 2304 1179 2332 ‚

134 2355 785 2414 naturalesaoentrariis,
826 2363 919 2404 etc.
945 2349 1182 2419 Quatuor

134 2435 309 2509 priora
334 2432 483 2486 verba
501 2470 517 2497 ,
544 2451 705 2502 quum
731 2431 963 2483 deessent
989 2427 1179 2498 vulgo,

137 2513 283 2566 dedit
302 2531 397 2563 ms.
422 2530 473 2562 a.
489 2508 655 2564 Schw-

206 2589 389 2641 asim
424 2589 539 2640 ulla
569 2587 907 2654 cognatim,
942 2599 1062 2655 quoe
1092 2581 1185 2634 hoc

134 2668 310 2720 dai-let.
336 2666 515 2735 Quum
552 2665 777 2718 deessent
807 2663 935 2717 olim
960 2662 1055 2716 tria
1078 2679 1181 2734 po—

134 2757 324 2797 strema
361 2744 547 2810 verba,
588 2761 647 2795 ex
682 2741 999 2794 Gruterianis
1034 2739 1179 2792 libris

136 2818 461 2892 Ruhkopfius
504 2817 691 2891 adjecit
735 2835 855 2889 quoe
891 2817 983 2870 hoc
1022 2817 1151 2870 de'ce‘t
1168 2856 1185 2884 ,

142 2903 289 2984 quod
317 2915 365 2956 et
392 2901 579 2954 babent
608 2920 650 2953 c.
684 2903 755 2952 A.
790 2898 861 2951 R.
891 2898 980 2952 sed
1002 2897 1185 2951 rectius

145 2985 312 3036 dictet
334 2981 481 3034 dedit
500 2999 591 3032 ms.
614 2999 669 3030 a.
694 2976 855 3032 Schw.

198 3058 257 3112 3.
278 3055 558 3127 Proecepit,
588 3075 695 3109 non
712 3057 966 3127 precipit,
994 3053 1179 3109 dedere

136 3149 261 3190 vett.
288 3135 409 3191 libri
432 3155 625 3188 omnes·
647 3133 812 3189 Schw.

198 3219 253 3283 ⁴.
274 3215 503 3271 Dae'oidm'
518 3217 735 3270 laboris.
756 3214 877 3268 Noli
898 3214 996 3270 boc
1013 3215 1083 3269 ita
1102 3215 1177 3268 in·

131 3293 396 3366 telligere,
420 3293 565 3364 quasi
582 3311 797 3364 queque
817 3312 998 3346 manus
1024 3311 1177 3365 apum

132 3387 367 3446 separato
396 3374 537 3447 operi
563 3394 603 3427 s.
634 3373 838 3426 muneri
865 3373 1175 3426 destinetur:

130 3453 223 3506 sed
264 3453 329 3505 de
360 3452 535 3505 labore
578 3453 819 3506 omnibus
854 3453 1177 3527 operantibus

132 3531 381 3606 imposito
394 3543 442 3584 et
455 3551 515 3586 eo
536 3532 757 3598 diverso,
778 3545 1002 3605 tempore
1022 3533 1177 3587 etiam

134 3608 342 3660 diverso
370 3611 550 3682 capias.
575 3610 807 3663 Primum
836 3610 977 3662 enim
1000 3629 1178 3664 omnes

134 3697 407 3759 operantes
427 3703 542 3759 apes
568 3687 723 3740 simul
745 3688 950 3742 alveum
976 3687 1176 3762 propoli

134 3761 504 3818 circumlinunt
527 3799 543 3828 ,
598 3777 709 3818 tum
754 3769 896 3819 favos
942 3767 1136 3820 faciunt
1160 3807 1175 3835 ,

132 3855 191 3894 ut
232 3841 378 3896 celiae
416 3841 573 3906 fiant,
620 3855 718 3896 etc.
744 3844 971 3911 Moneo,
1012 3865 1078 3898 ns
1118 3844 1174 3898 in

134 3919 379 3974 eumdem
407 3940 627 3974 errorem
660 3921 881 3986 incidas,
909 3941 1061 3992 quem
1084 3942 1173 3975 er-

132 4019 269 4052 rasse
315 3997 601 4052 Buffonum
646 4001 820 4054 docuit
865 4001 1133 4056 Reimarus
1161 4019 1175 4054 τ

140 4077 484 4132 Vomehmste
510 4077 861 4132 Wahrheieen
883 4081 977 4130 der·
990 4089 1174 4134 natm·-

1278 2270 1446 2400 ss'tc‘l‘t'e'r':
1475 2267 1748 2344 Religion,
1779 2299 1827 2349 p.
1854 2277 1951 2331 350
1982 2299 2091 2350 sqq.
2125 2280 2202 2333 ed.
2225 2281 2315 2334 lv.

1347 2427 1395 2478 5.
1411 2430 1702 2484 Inutabilaze
1735 2433 1835 2485 ma
1868 2437 2060 2491 aranei
2081 2447 2312 2492 textum.

1278 2505 1451 2577 Vulgo
1473 2511 1544 2560 sit
1562 2511 1664 2564 illa
1687 2511 1766 2564 ed.
1789 2532 1847 2564 ex
1868 2511 1940 2564 R.
1963 2515 2052 2567 sed
2072 2515 2314 2586 ignorant

1278 2583 1494 2637 verbum
1517 2607 1570 2639 a.
1602 2606 1647 2639 c.
1669 2589 1742 2640 A.
1766 2592 1976 2643 Amnes·
2009 2611 2133 2645 vero
2149 2630 2166 2658 ‚
2204 2613 2312 2646 non

1284 2681 1518 2729 araneoe,
1539 2677 1593 2716 ut
1613 2663 1736 2718 alibi
1752 2702 1768 2732 ,
1782 2667 1854 2720 sie
1871 2667 1990 2722 eth.
2011 2667 2044 2721 l.
2059 2669 2198 2722 dedit
2217 2692 2312 2726 ms.

1284 2759 1340 2791 a.
1365 2759 1640 2813 rursusque
1659 2742 1790 2797 infra
1805 2765 2131 2800 araneorum.
2149 2747 2312 2804 Schw.

1349 2817 1396 2870 6.
1437 2820 1619 2892 Quam
1647 2827 1857 2876 minora
1888 2828 2152 2879 animalia
2167 2863 2183 2892 ‚
2217 2842 2311 2883 etc.

1282 2898 1474 2967 quibus
1489 2900 1742 2954 malebam
1757 2939 1774 2968 ,
1811 2921 1879 2954 sc.
1898 2899 2032 2968 filiu
2061 2917 2147 2957 aut
2172 2926 2307 2974 qua,

1275 2977 1384 3032 scil.
1415 2991 1647 3050 textura,
1683 3003 1974 3054 quanquam
2002 2985 2103 3038 hoc
2130 2985 2309 3039 vocab.

1274 3055 1486 3133 longius
1513 3061 1669 3114 abest.
1710 3061 1814 3115 Sed
1848 3083 2013 3132 quam
2037 3076 2213 3118 tenent
2233 3065 2308 3118 li-

1274 3137 1354 3190 bri
1373 3177 1389 3204 ,
1412 3141 1550 3209 quod
1573 3141 1708 3194 idem
1725 3142 1917 3194 valebit
1933 3161 1991 3194 ac
2011 3161 2114 3212 quo
2129 3145 2309 3210 modof

1276 3237 1394 3270 cum
1420 3237 1526 3288 quo
1545 3220 1786 3291 congruit
1803 3219 1944 3290 quod
1969 3218 2156 3272 deinde
2174 3225 2310 3274 scri-

1272 3293 1410 3349 bitur
1439 3305 1735 3361 teneantur‚
1773 3297 1862 3350 ubi
1899 3298 2061 3371 vulgo
2093 3318 2306 3368 quem,

1274 3383 1510 3440 teneant,
1545 3377 1810 3428 commode
1852 3377 2088 3448 quidem,
2123 3377 2213 3430 sed
2247 3397 2306 3430 ex

1274 3451 1474 3505 Erasini
1497 3453 1724 3526 ingenio.
1747 3453 1909 3508 Scbw.

1346 3551 1390 3600 7.
1410 3530 1530 3583 Par
1555 3532 1790 3602 insaoe‘s.
1825 3533 1913 3586 Sic
1943 3547 2076 3588 recte
2103 3547 2153 3590 et
2177 3557 2306 3611 per-

1278 3609 1548 3663 commode
1574 3609 1688 3663 edd.
1719 3623 1832 3664 ant-e
1855 3611 2022 3666 Ruhk.
2050 3635 2166 3667 cum
2187 3635 2240 3667 a.
2260 3637 2304 3669 c.

1274 3688 1347 3740 R.
1371 3688 1440 3740 A.
1466 3701 1516 3740 et
1537 3687 1650 3742 Pal.
1677 3707 1732 3754 2,
1765 3689 1812 3742 3.
1838 3689 2051 3760 Infite's
2070 3691 2306 3746 extribus

1275 3764 1388 3816 aliis
1418 3765 1734 3818 Gruterianis
1764 3767 1951 3838 recepit
1969 3766 2140 3820 Ruhk.
2163 3771 2302 3840 quod

1275 3861 1430 3896 nemo
1466 3844 1614 3898 facile
1645 3845 1945 3917 probaverit.
1971 3845 2134 3899 Schw.
2151 3850 2304 3900 -At

1274 3933 1448 3973 contra
1464 3919 1784 3994 Ruhkopfius
1799 3939 1812 3976 ε
1827 3922 1974 3976 facile
1991 3937 2065 3976 est
2075 3960 2090 3987 ‚
2109 3926 2298 3997 inquit,

1273 4000 1337 4051 ad
1367 3999 1764 4074 intelligendum
1801 4001 2162 4074 preferendam
2195 4023 2304 4057 esse·

1272 4075 1576 4144 lectionem,
1611 4097 1766 4148 quam
1802 4076 2120 4133 restituimus.
2161 4081 2299 4134 Nam
