2667 4475
425 312 432 319 -
513 279 1008 349 Purslol..
1063 276 1555 348 sT01coP..
1611 279 1799 347 LIB.
1850 277 1955 344 11.
2174 276 2305 371 567

121 447 394 488 causam
450 425 618 483 etiam
661 420 869 482 addit:
928 446 954 473 «ι
997 421 1070 479 ab
1100 420 1298 480 ordine
1331 422 1433 503 qui
1480 432 1565 481 est
1612 422 1671 478 in
1714 420 1833 479 illo.
1868 445 1896 472 υ
1940 418 2033 477 Ab
2074 418 2301 488 ordine,

121 536 402 615 inquam
420 577 439 607 ,
471 532 589 591 sive
621 552 652 589 a
687 541 804 588 toto
831 536 1051 586 ornatu.
1084 526 1304 587 Plinius
1332 549 1349 583 s
1385 554 1413 581 «ι
1446 527 1633 601 Quem
1656 531 1849 607 κόσμον
1868 523 2055 585 Gmeei
2076 523 2309 583 nomine

127 639 484 699 ornamenti
515 635 942 718 appellaverunt
961 680 975 703 ,
1012 652 1144 692 eum
1169 650 1274 691 nos
1297 654 1332 692 a
1360 632 1611 714 perfecta
1636 630 2005 712 absolutaque
2026 630 2308 713 elegantia

129 742 476 804 ZMundum.
503 768 530 795 n
557 740 702 799 Nam
729 750 786 799 et
805 740 1142 799 muliebrem
1165 738 1446 799 mundum
1474 740 1721 799 obtinuit
1742 739 1877 799 diei.
1904 738 2309 820 Trismegistns

133 851 500 909 interiorem
539 846 980 905 nomenclaturae
1011 865 1237 903 causam
1267 844 1367 905 dat
1388 843 1557 926 (cap.
1580 843 1663 929 9)
1694 866 1712 903 ε
1742 871 1781 899 ω
1802 844 2011 905 Merito
2052 840 2311 903 Mundus

137 960 286 1016 sive
335 966 566 1015 ornatus
617 954 860 1023 dicitur-3
917 963 1082 1011 ornat
1121 952 1276 1011 enim
1329 952 1523 1011 omnia
1570 953 1847 1011 val-iente
1893 950 2307 1033 generationis,

139 1062 598 1122 continuatione
617 1060 740 1119 vit-‘e
761 1102 778 1132 ,
811 1056 1091 1117 indefessa
1113 1058 1441 1138 operatione
1460 1100 1477 1131 ,
1502 1066 1561 1116 et
1577 1056 1777 1117 ordine
1806 1058 2124 1139 genitorum
2146 1080 2162 1129 3
2191 1082 2221 1111 ι»
2254 1068 2315 1117 et

144 1170 334 1250 plura
375 1186 500 1246 quw.
551 1163 729 1223 addit.
763 1162 902 1237 Quae
947 1163 1092 1221 ratio
1121 1162 1409 1223 Mundum
1456 1162 1687 1245 proprie
1724 1174 1976 1243 spectat,
2028 1174 2313 1243 quatenus

145 1272 302 1332 facit
331 1270 583 1357 aliquid,
614 1280 672 1329 et
719 1280 804 1329 est
831 1269 1008 1328 Deus.
1051 1268 1257 1329 Isidori
1293 1287 1441 1328 nova
1470 1268 1771 1350 originatio
1798 1281 1917 1343 cst,
1950 1268 2124 1328 immo
2152 1280 2315 1328 vetus

149 1402 234 1439 ex
265 1376 536 1438 Varrone
564 1399 580 1434 x
619 1402 646 1430 «
674 1373 930 1441 ‘Mundus
956 1418 974 1447 ,
1011 1376 1196 1455 inquit
1221 1373 1369 1457 (lib.
1417 1372 1607 1455 XIII)
1630 1418 1651 1449 ‚
1684 1374 1838 1456 quod
1878 1376 1941 1433 in
1968 1375 2317 1455 sempiterno

151 1480 240 1539 sit
268 1488 434 1537 motu
456 1520 473 1550 ,
515 1486 579 1535 ut
605 1474 836 1550 caelum,
869 1476 988 1549 sol,
1023 1475 1189 1549 luna,
1221 1476 1425 1533 maria.
1472 1474 1645 1535 Unde
1676 1487 1733 1533 et
1770 1475 2039 1534 animalia
2069 1474 2315 1535 Varroni

151 1586 440 1645 videntur
471 1582 774 1641 Elementa
793 1624 810 1655 ‚
843 1582 1115 1666 quoniam
1144 1558 1252 1663 per
1281 1580 1587 1663 semetipsa
1612 1624 1629 1655 ,
1660 1581 1849 1663 inquit
1868 1622 1889 1655 ,
1920 1593 2243 1643 moventur.
2284 1606 2312 1633 ιο

155 1696 259 1752 An
291 1692 541 1751 beneex
571 1689 832 1751 Varrone
861 1688 1344 1769 transscripserit,
1375 1688 1569 1747 nescio
1606 1712 1623 1745 ε
1656 1708 1845 1769 neque
1872 1685 2169 1748 Elementa
2190 1708 2320 1770 pro-

155 1800 296 1879 prie
323 1798 634 1871 Animalia,
666 1796 768 1855 sed
795 1794 1082 1855 Mundum
1111 1794 1355 1868 dixerit,
1390 1816 1463 1855 ex
1494 1796 1683 1855 Stoico
1713 1808 1773 1855 et
1799 1795 2089 1855 Platonico
2118 1815 2310 1855 sensu.

155 1904 350 1965 Vides
387 1925 460 1963 ex
490 1902 578 1962 his
617 1902 831 1963 Coelum
863 1903 1050 1986 primo
1076 1902 1365 1963 Mundum
1400 1903 1617 1963 dictum
1638 1946 1657 1979 ,
1690 1903 1903 1964 deinde
1928 1902 2097 1963 latius
2116 1924 2316 1962 vocem

159 2030 231 2069 se
263 2008 501 2069 fudisse.
531 2007 744 2068 Notant
771 2016 961 2069 autem
991 2008 1166 2069 Stoici
1199 2028 1218 2067 ι
1256 2036 1285 2061 «ε
1306 2008 1635 2091 Tripliciter
1659 2009 1773 2068 dici
1796 2008 2103 2069 Mundum.
2128 2008 2319 2069 Primo

160 2122 359 2199 ipsum
388 2116 576 2176 Deum
621 2118 804 2175 omnis
854 2118 1134 2175 essentiae'
1157 2116 1421 2197 opificem
1440 2158 1457 2186 ‚
1510 2117 1609 2197 qui
1658 2116 2100 2196 incorruptibilis
2144 2128 2229 2174 est
2262 2127 2319 2174 et

157 2224 458 2307 ingenitus
477 2268 495 2297 ,
527 2220 864 2282 architectus
887 2222 1066 2304 ipsius
1089 2220 1336 2295 Mundi,
1368 2232 1427 2280 et
1452 2232 1583 2302 post
1610 2234 1934 2302 temporum
1964 2222 2183 2306 aliquas
2204 2243 2316 2302 pe-

161 2329 363 2391 riodos
394 2331 600 2388 iterum
628 2330 688 2387 in
710 2350 770 2387 se
794 2329 1098 2387 absumens
1123 2339 1427 2388 ervei-tens
1456 2347 1683 2386 omnem
1711 2328 2045 2402 essentiam,
2078 2330 2319 2388 iterum-

161 2458 287 2520 que
316 2456 389 2494 ex
409 2455 471 2494 se
491 2435 751 2516 gignens.
775 2432 1039 2494 Secundo·
1059 2477 1076 2507 ,
1102 2432 1286 2514 ipsam
1312 2444 1593 2494 astrorum
1620 2433 2035 2494 ordinationem
2053 2477 2071 2510 ,
2096 2435 2159 2494 id
2186 2447 2273 2496 est
2288 2479 2306 2511 ‚

173 2543 423 2615 Caelum,
447 2537 738 2599 Mundum
772 2538 992 2598 dicunt.
1019 2537 1216 2598 Tertio
1232 2580 1250 2611 ,
1274 2538 1433 2619 quod
1454 2539 1516 2597 fit
1539 2560 1612 2598 ex
1632 2541 1910 2619 utrisque.
1932 2565 1965 2592 τι
1996 2538 2225 2621 (Laert.
2258 2541 2317 2600 in

173 2645 361 2730 Zeu.)
392 2646 530 2722 Quoe
571 2657 860 2728 postrema
909 2636 1082 2706 verba
1129 2643 1263 2704 satis
1313 2645 1613 2706 tenebrosa
1658 2658 1794 2706 sunt
1838 2670 1859 2706 ε
1895 2659 1953 2707 et
1996 2668 2070 2709 ex
2110 2648 2323 2730 quibua

175 2753 478 2835 utrisque?
513 2773 584 2812 ex
611 2753 812 2812 Deone
832 2794 849 2825 ,
883 2762 941 2810 et
979 2751 1170 2810 caelo?
1197 2753 1276 2810 ita
1301 2763 1491 2811 textus
1524 2753 1800 2812 sermonis
1841 2754 2045 2816 suadet
2068 2799 2087 2830 ‚
2116 2755 2225 2814 sed
2255 2773 2329 2815 ru·-

176 2865 480 2923 abnuente.
511 2841 713 2920 Patem
738 2860 920 2940 magis
941 2901 958 2932 ,
977 2855 1078 2918 Em
1099 2855 1222 2917 Deo
1247 2867 1304 2918 et
1315 2855 1579 2918 Essentia
1594 2905 1609 2930 ,
1644 2858 1707 2919 id
1730 2871 1817 2918 est
1834 2903 1853 2934 ,
1872 2860 2117 2921 Materia
2136 2905 2156 2935 ,-
2188 2882 2323 2920 eum

177 2969 322 3029 velle
343 2967 580 3026 dietum.
608 2965 768 3024 Philo
790 2965 994 3024 clarius
1015 2965 1120 3024 ista
1139 2965 1346 3024 extulit
1362 2962 1490 3046 (De
1513 2966 1736 3026 immor.
1754 2965 2014 3050 Mundi.)
2036 2991 2063 3026 .-
2080 2993 2108 3022 α
2130 2967 2322 3027 Primo

178 3075 427 3136 Mundus
455 3074 684 3147 dicitur,
717 3072 1052 3153 compositio
1085 3091 1158 3130 ex
1189 3071 1324 3130 caelo
1352 3083 1411 3130 et
1441 3073 1605 3132 astris
1626 3115 1643 3147 ,
1675 3085 1884 3133 terram
1912 3074 2319 3148 ambientibus,

184 3194 247 3241 et
271 3181 572 3238 animantia
598 3201 662 3238 ac
700 3181 928 3258 stirpes.
963 3175 1230 3238 Secundo
1250 3219 1267 3250 ,
1300 3178 1486 3236 solum
1509 3179 1699 3258 ipsum
1727 3179 1963 3240 Caelum.
1996 3181 2227 3254 Tertio⁵,
2255 3193 2323 3242 ut

183 3287 376 3347 Stoicis
401 3287 587 3345 visum
605 3330 622 3358 ‚
650 3283 913 3345 Essentia
935 3283 1194 3365 quaedam
1219 3283 1294 3342 ad
1322 3286 1683 3345 exustionem
1713 3288 2057 3366 perveniens
2076 3287 2325 3352 durans·-

185 3414 295 3473 que
318 3435 336 3465 ,
364 3393 482 3451 sive
513 3391 728 3473 digesta
775 3393 896 3452 sive
925 3391 1208 3472 indigesta
1227 3434 1244 3465 ,
1279 3392 1443 3470 cnjus
1469 3393 2051 3454 motus-intervallum·
2068 3396 2321 3477 Tempus

189 3521 307 3559 esse
335 3498 552 3558 dicunt.
585 3523 613 3550 n
643 3498 846 3579 Itaque
876 3499 1042 3558 tertia
1069 3496 1188 3556 haec
1213 3501 1495 3558 sententia
1522 3500 1825 3579 peculiaris
1854 3499 2171 3562 Stoicorum·
2194 3516 2281 3562 est
2298 3545 2316 3578 ,

191 3629 352 3688 quam
373 3606 447 3666 ad
479 3605 659 3664 Deum
681 3604 873 3664 retulit
895 3602 1152 3662 Laertius
1169 3648 1185 3677 ,
1211 3605 1287 3664 ad
1309 3601 1811 3666 Essentlc'szhilo
1844 3631 1865 3666 z
1884 3621 2129 3690 uterque
2143 3623 2315 3670 recte.

191 3711 330 3772 Nam
353 3711 597 3771 essentia
623 3709 720 3768 ina
747 3719 866 3768 tota
893 3752 910 3782 ,
939 3708 1098 3776 Deus
1131 3719 1216 3768 est
1243 3705 1487 3770 Stoicis-2
1506 3731 1695 3790 neque
1724 3712 1883 3772 aliud
1908 3709 2078 3794 qna‘m
2096 3703 2325 3775 Senecae

198 3831 252 3876 et
263 3816 478 3876 Latinis
492 3813 702 3875 Rerum
727 3823 934 3888 namra
949 3859 965 3886 ,
997 3815 1092 3874 vel
1115 3811 1437 3876 Communis
1456 3814 1721 3888 Natum,
1751 3818 1823 3878 de
1851 3837 1963 3900 qua
1981 3843 2153 3902 supra
2177 3821 2320 3883 dixi.

197 3921 277 3982 Ea
305 3923 496 4004 igitur,
559 3923 678 3982 sive
718 3923 781 3980 in
815 3919 1102 3980 Mundum
1145 3919 1385 3982 formata
1434 3924 1507 3983 sit
1528 3967 1546 3999 ,
1598 3926 1725 3984 sive
1758 3927 2043 4008 indigesta
2063 3972 2082 4002 ‚
2132 3943 2219 3990 est
2258 3933 2336 3998 iis

201 4028 461 4092 Mundus.
489 4025 565 4086 Et
593 4026 700 4088 hoc
729 4049 902 4089 sensu
927 4025 1250 4090 doctissime
1267 4071 1284 4104 ‚
1315 4040 1383 4090 ut
1406 4030 1549 4090 solet
1566 4075 1583 4104 ‚
1610 4031 1897 4092 Ausonius
1918 4033 2199 4098 Mundum
2224 4061 2332 4122 pro
