<?xml version="1.0" encoding="UTF-8"?>
<!DOCTYPE html PUBLIC "-//W3C//DTD XHTML 1.0 Transitional//EN"
    "http://www.w3.org/TR/xhtml1/DTD/xhtml1-transitional.dtd">
<html xmlns="http://www.w3.org/1999/xhtml" xml:lang="en" lang="en">
 <head>
  <title>
</title>
<meta http-equiv="Content-Type" content="text/html;charset=utf-8" />
  <meta name='ocr-system' content='tesseract 3.04.00' />
  <meta name='ocr-capabilities' content='ocr_page ocr_carea ocr_par ocr_line ocrx_word'/>
</head>
<body>
  <div class='ocr_page' id='page_1' title='image "./lannaeisenecaeo04bouigoog_0463.png"; bbox 0 0 2667 4475; ppageno 0'>
   <div class='ocr_carea' id='block_1_1' title="bbox 404 275 1958 366">
    <p class='ocr_par' dir='ltr' id='par_1_1' title="bbox 404 275 1958 366">
     <span class='ocr_line' id='line_1_1' title="bbox 404 275 1958 366; baseline -0.003 -16"><span class='ocrx_word' id='word_1_1' title='bbox 404 279 539 366; x_wconf 73' lang='grc'>464</span> <span class='ocrx_word' id='word_1_2' title='bbox 976 275 1412 347; x_wconf 82' lang='lat' dir='ltr'>SENECAE</span> <span class='ocrx_word' id='word_1_3' title='bbox 1457 275 1594 346; x_wconf 87' lang='lat' dir='ltr'>ET</span> <span class='ocrx_word' id='word_1_4' title='bbox 1640 277 1958 348; x_wconf 69' lang='lat' dir='ltr'>psum</span> 
     </span>
    </p>
   </div>
   <div class='ocr_carea' id='block_1_2' title="bbox 741 587 2228 664">
    <p class='ocr_par' dir='ltr' id='par_1_2' title="bbox 741 587 2228 664">
     <span class='ocr_line' id='line_1_2' title="bbox 741 587 2228 664; baseline 0.001 -8"><span class='ocrx_word' id='word_1_5' title='bbox 741 587 827 657; x_wconf 84' lang='lat' dir='ltr'>V.</span> <span class='ocrx_word' id='word_1_6' title='bbox 884 603 1327 663; x_wconf 66' lang='lat' dir='ltr'>Ertsronffl</span> <span class='ocrx_word' id='word_1_7' title='bbox 1375 599 1733 664; x_wconf 66' lang='lat' dir='ltr'>SENECAE</span> <span class='ocrx_word' id='word_1_8' title='bbox 1779 606 1881 663; x_wconf 73' lang='grc' dir='ltr'>ΕΤ</span> <span class='ocrx_word' id='word_1_9' title='bbox 1929 601 2228 664; x_wconf 66' lang='lat' dir='ltr'>num.</span> 
     </span>
    </p>
   </div>
   <div class='ocr_carea' id='block_1_3' title="bbox 1230 823 1713 867">
    <p class='ocr_par' dir='ltr' id='par_1_3' title="bbox 1230 823 1713 867">
     <span class='ocr_line' id='line_1_3' title="bbox 1230 823 1713 867; baseline 0.002 -1"><span class='ocrx_word' id='word_1_10' title='bbox 1230 823 1713 867; x_wconf 57' lang='lat' dir='ltr'>pannonum.</span> 
     </span>
    </p>
   </div>
   <div class='ocr_carea' id='block_1_4' title="bbox 310 993 2578 2779">
    <p class='ocr_par' dir='ltr' id='par_1_4' title="bbox 310 993 2578 2779">
     <span class='ocr_line' id='line_1_4' title="bbox 483 993 2578 1084; baseline -0.001 -21"><span class='ocrx_word' id='word_1_11' title='bbox 483 995 577 1063; x_wconf 70' lang='lat' dir='ltr'>In</span> <span class='ocrx_word' id='word_1_12' title='bbox 600 995 903 1062; x_wconf 79' lang='lat' dir='ltr'>veteribus</span> <span class='ocrx_word' id='word_1_13' title='bbox 919 993 994 1060; x_wconf 69' lang='lat' dir='ltr'>Ia</span> <span class='ocrx_word' id='word_1_14' title='bbox 1021 997 1101 1060; x_wconf 78' lang='lat' dir='ltr'>A.</span> <span class='ocrx_word' id='word_1_15' title='bbox 1127 993 1373 1062; x_wconf 61' lang='lat' dir='ltr'>Senem</span> <span class='ocrx_word' id='word_1_16' title='bbox 1399 996 1760 1062; x_wconf 72' lang='lat' dir='ltr'><strong>editionibus</strong></span> <span class='ocrx_word' id='word_1_17' title='bbox 1785 997 2066 1084; x_wconf 85' lang='lat' dir='ltr'>leguntur</span> <span class='ocrx_word' id='word_1_18' title='bbox 2091 999 2578 1082; x_wconf 83' lang='lat' dir='ltr'>quatuordecim</span> 
     </span>
     <span class='ocr_line' id='line_1_5' title="bbox 406 1101 2578 1190; baseline -0.001 -20"><span class='ocrx_word' id='word_1_19' title='bbox 406 1105 657 1170; x_wconf 79' lang='lat' dir='ltr'>Senecae</span> <span class='ocrx_word' id='word_1_20' title='bbox 692 1106 771 1168; x_wconf 86' lang='lat' dir='ltr'>ad</span> <span class='ocrx_word' id='word_1_21' title='bbox 807 1103 1067 1170; x_wconf 83' lang='lat' dir='ltr'>Paulum</span> <span class='ocrx_word' id='word_1_22' title='bbox 1110 1116 1173 1167; x_wconf 87' lang='lat' dir='ltr'>et</span> <span class='ocrx_word' id='word_1_23' title='bbox 1210 1101 1386 1168; x_wconf 86' lang='lat' dir='ltr'>Pauli</span> <span class='ocrx_word' id='word_1_24' title='bbox 1431 1106 1510 1168; x_wconf 87' lang='lat' dir='ltr'>ad</span> <span class='ocrx_word' id='word_1_25' title='bbox 1535 1102 1833 1170; x_wconf 81' lang='lat' dir='ltr'>Senecam</span> <span class='ocrx_word' id='word_1_26' title='bbox 1865 1101 2195 1190; x_wconf 79' lang='lat' dir='ltr'>Epistulae,</span> <span class='ocrx_word' id='word_1_27' title='bbox 2247 1125 2390 1189; x_wconf 77' lang='lat' dir='ltr'>que</span> <span class='ocrx_word' id='word_1_28' title='bbox 2427 1107 2578 1168; x_wconf 85' lang='lat' dir='ltr'>olim</span> 
     </span>
     <span class='ocr_line' id='line_1_6' title="bbox 404 1205 2576 1298; baseline -0.002 -24"><span class='ocrx_word' id='word_1_29' title='bbox 404 1205 521 1298; x_wconf 79' lang='lat' dir='ltr'>pro</span> <span class='ocrx_word' id='word_1_30' title='bbox 548 1209 904 1276; x_wconf 74' lang='lat' dir='ltr'>authenticis</span> <span class='ocrx_word' id='word_1_31' title='bbox 930 1209 1148 1272; x_wconf 80' lang='lat' dir='ltr'>hahitae</span> <span class='ocrx_word' id='word_1_32' title='bbox 1174 1208 1358 1272; x_wconf 79' lang='lat' dir='ltr'>fuisse</span> <span class='ocrx_word' id='word_1_33' title='bbox 1390 1209 1702 1286; x_wconf 80' lang='lat' dir='ltr'>videntur,</span> <span class='ocrx_word' id='word_1_34' title='bbox 1734 1211 2012 1292; x_wconf 86' lang='lat' dir='ltr'>quamvis</span> <span class='ocrx_word' id='word_1_35' title='bbox 2045 1211 2312 1288; x_wconf 73' lang='lat' dir='ltr'><strong>cuilibet</strong></span> <span class='ocrx_word' id='word_1_36' title='bbox 2341 1233 2458 1274; x_wconf 78' lang='lat' dir='ltr'>eas</span> <span class='ocrx_word' id='word_1_37' title='bbox 2483 1212 2576 1272; x_wconf 71' lang='lat' dir='ltr'>vel</span> 
     </span>
     <span class='ocr_line' id='line_1_7' title="bbox 407 1315 2577 1404; baseline -0.001 -22"><span class='ocrx_word' id='word_1_38' title='bbox 407 1319 713 1383; x_wconf 83' lang='lat' dir='ltr'>levissime</span> <span class='ocrx_word' id='word_1_39' title='bbox 738 1317 1078 1404; x_wconf 80' lang='lat' dir='ltr'>inspicienti</span> <span class='ocrx_word' id='word_1_40' title='bbox 1106 1315 1514 1400; x_wconf 85' lang='lat' dir='ltr'>supposititias</span> <span class='ocrx_word' id='word_1_41' title='bbox 1542 1337 1674 1380; x_wconf 89' lang='lat' dir='ltr'>esse</span> <span class='ocrx_word' id='word_1_42' title='bbox 1693 1330 1915 1402; x_wconf 85' lang='lat' dir='ltr'>pateat.</span> <span class='ocrx_word' id='word_1_43' title='bbox 1947 1315 2384 1382; x_wconf 82' lang='lat' dir='ltr'>Nihilominus</span> <span class='ocrx_word' id='word_1_44' title='bbox 2417 1341 2577 1382; x_wconf 85' lang='lat' dir='ltr'>non-</span> 
     </span>
     <span class='ocr_line' id='line_1_8' title="bbox 407 1421 2572 1510; baseline 0 -24"><span class='ocrx_word' id='word_1_45' title='bbox 407 1424 560 1486; x_wconf 85' lang='lat' dir='ltr'>nulli</span> <span class='ocrx_word' id='word_1_46' title='bbox 581 1424 905 1507; x_wconf 77' lang='lat' dir='ltr'>scriptores</span> <span class='ocrx_word' id='word_1_47' title='bbox 918 1468 937 1501; x_wconf 92' lang='lat'><strong>,</strong></span> <span class='ocrx_word' id='word_1_48' title='bbox 962 1442 1075 1485; x_wconf 88' lang='lat' dir='ltr'>nec</span> <span class='ocrx_word' id='word_1_49' title='bbox 1092 1421 1265 1506; x_wconf 80' lang='lat' dir='ltr'>parvi</span> <span class='ocrx_word' id='word_1_50' title='bbox 1287 1421 1612 1502; x_wconf 88' lang='lat' dir='ltr'>momenti,</span> <span class='ocrx_word' id='word_1_51' title='bbox 1649 1423 1806 1485; x_wconf 91' lang='lat' dir='ltr'>inter</span> <span class='ocrx_word' id='word_1_52' title='bbox 1825 1442 1976 1506; x_wconf 82' lang='lat' dir='ltr'>quos</span> <span class='ocrx_word' id='word_1_53' title='bbox 1995 1421 2083 1485; x_wconf 89' lang='lat' dir='ltr'>D.</span> <span class='ocrx_word' id='word_1_54' title='bbox 2101 1421 2543 1510; x_wconf 76' lang='lat' dir='ltr'>Hieronymus</span> <span class='ocrx_word' id='word_1_55' title='bbox 2557 1475 2572 1500; x_wconf 79' lang='grc'>,</span> 
     </span>
     <span class='ocr_line' id='line_1_9' title="bbox 409 1525 2574 1614; baseline -0.001 -22"><span class='ocrx_word' id='word_1_56' title='bbox 409 1526 523 1593; x_wconf 86' lang='lat' dir='ltr'>lib.</span> <span class='ocrx_word' id='word_1_57' title='bbox 554 1525 630 1594; x_wconf 82' lang='lat' dir='ltr'>de</span> <span class='ocrx_word' id='word_1_58' title='bbox 660 1528 1070 1614; x_wconf 84' lang='lat' dir='ltr'>Scriptoribus</span> <span class='ocrx_word' id='word_1_59' title='bbox 1108 1527 1524 1592; x_wconf 87' lang='lat' dir='ltr'>ecclesiasticis</span> <span class='ocrx_word' id='word_1_60' title='bbox 1550 1569 1570 1603; x_wconf 85' lang='lat'><strong>‚</strong></span> <span class='ocrx_word' id='word_1_61' title='bbox 1613 1549 1670 1592; x_wconf 86' lang='lat' dir='ltr'>c.</span> <span class='ocrx_word' id='word_1_62' title='bbox 1710 1541 1844 1602; x_wconf 71' lang='lat'>12¹3</span> <span class='ocrx_word' id='word_1_63' title='bbox 1883 1526 1969 1591; x_wconf 92' lang='lat' dir='ltr'>D.</span> <span class='ocrx_word' id='word_1_64' title='bbox 2016 1527 2410 1614; x_wconf 82' lang='lat' dir='ltr'>Augustinus</span> <span class='ocrx_word' id='word_1_65' title='bbox 2433 1577 2454 1604; x_wconf 85' lang='lat'>‚</span> <span class='ocrx_word' id='word_1_66' title='bbox 2479 1529 2574 1592; x_wconf 85' lang='lat' dir='ltr'>De</span> 
     </span>
     <span class='ocr_line' id='line_1_10' title="bbox 411 1618 2578 1720; baseline -0.003 -17"><span class='ocrx_word' id='word_1_67' title='bbox 411 1631 672 1703; x_wconf 83' lang='lat' dir='ltr'>Civitate</span> <span class='ocrx_word' id='word_1_68' title='bbox 692 1635 857 1710; x_wconf 83' lang='lat' dir='ltr'>Dei,</span> <span class='ocrx_word' id='word_1_69' title='bbox 888 1618 997 1699; x_wconf 83' lang='lat' dir='ltr'>lib.</span> <span class='ocrx_word' id='word_1_70' title='bbox 1016 1633 1112 1697; x_wconf 76' lang='lat' dir='ltr'>VI</span> <span class='ocrx_word' id='word_1_71' title='bbox 1133 1681 1152 1711; x_wconf 86' lang='lat'><strong>‚</strong></span> <span class='ocrx_word' id='word_1_72' title='bbox 1184 1656 1239 1698; x_wconf 90' lang='lat' dir='ltr'>c.</span> <span class='ocrx_word' id='word_1_73' title='bbox 1272 1654 1349 1696; x_wconf 86' lang='lat'>10</span> <span class='ocrx_word' id='word_1_74' title='bbox 1365 1679 1384 1712; x_wconf 85' lang='lat'>,</span> <span class='ocrx_word' id='word_1_75' title='bbox 1417 1647 1478 1697; x_wconf 89' lang='lat' dir='ltr'>et</span> <span class='ocrx_word' id='word_1_76' title='bbox 1495 1631 1692 1718; x_wconf 84' lang='lat' dir='ltr'>Epist.</span> <span class='ocrx_word' id='word_1_77' title='bbox 1714 1651 1829 1696; x_wconf 78' lang='lat' dir='ltr'>uu</span> <span class='ocrx_word' id='word_1_78' title='bbox 1855 1637 1934 1698; x_wconf 83' lang='lat' dir='ltr'>ad</span> <span class='ocrx_word' id='word_1_79' title='bbox 1951 1635 2196 1698; x_wconf 81' lang='lat' dir='ltr'>Maced.</span> <span class='ocrx_word' id='word_1_80' title='bbox 2221 1684 2242 1714; x_wconf 85' lang='lat'>,</span> <span class='ocrx_word' id='word_1_81' title='bbox 2275 1638 2398 1700; x_wconf 82' lang='lat' dir='ltr'>has</span> <span class='ocrx_word' id='word_1_82' title='bbox 2421 1635 2578 1720; x_wconf 82' lang='lat' dir='ltr'>Epi-</span> 
     </span>
     <span class='ocr_line' id='line_1_11' title="bbox 413 1739 2576 1828; baseline -0.001 -21"><span class='ocrx_word' id='word_1_83' title='bbox 413 1743 600 1807; x_wconf 85' lang='lat' dir='ltr'>stolas</span> <span class='ocrx_word' id='word_1_84' title='bbox 620 1756 967 1806; x_wconf 87' lang='lat' dir='ltr'>memorant</span> <span class='ocrx_word' id='word_1_85' title='bbox 980 1786 1001 1820; x_wconf 81' lang='lat'>,</span> <span class='ocrx_word' id='word_1_86' title='bbox 1024 1741 1156 1804; x_wconf 84' lang='lat' dir='ltr'>siue</span> <span class='ocrx_word' id='word_1_87' title='bbox 1176 1739 1302 1802; x_wconf 89' lang='lat' dir='ltr'>ullo</span> <span class='ocrx_word' id='word_1_88' title='bbox 1323 1743 1399 1803; x_wconf 88' lang='lat' dir='ltr'>de</span> <span class='ocrx_word' id='word_1_89' title='bbox 1420 1739 1664 1803; x_wconf 88' lang='lat' dir='ltr'>illarum</span> <span class='ocrx_word' id='word_1_90' title='bbox 1689 1742 1943 1804; x_wconf 82' lang='lat' dir='ltr'>veritate</span> <span class='ocrx_word' id='word_1_91' title='bbox 1963 1741 2168 1804; x_wconf 83' lang='lat' dir='ltr'>dubio.</span> <span class='ocrx_word' id='word_1_92' title='bbox 2189 1740 2410 1806; x_wconf 88' lang='lat' dir='ltr'>Immo</span> <span class='ocrx_word' id='word_1_93' title='bbox 2433 1763 2576 1828; x_wconf 86' lang='lat' dir='ltr'>per-</span> 
     </span>
     <span class='ocr_line' id='line_1_12' title="bbox 410 1843 2574 1934; baseline 0 -24"><span class='ocrx_word' id='word_1_94' title='bbox 410 1863 595 1934; x_wconf 84' lang='lat' dir='ltr'>petua</span> <span class='ocrx_word' id='word_1_95' title='bbox 634 1850 795 1932; x_wconf 82' lang='lat' dir='ltr'>apud</span> <span class='ocrx_word' id='word_1_96' title='bbox 824 1849 1103 1932; x_wconf 84' lang='lat' dir='ltr'>priorum</span> <span class='ocrx_word' id='word_1_97' title='bbox 1142 1859 1388 1910; x_wconf 79' lang='lat' dir='ltr'>aetatum</span> <span class='ocrx_word' id='word_1_98' title='bbox 1417 1843 1795 1912; x_wconf 81' lang='lat' dir='ltr'>Christianos</span> <span class='ocrx_word' id='word_1_99' title='bbox 1839 1847 2048 1932; x_wconf 85' lang='lat' dir='ltr'>opinio</span> <span class='ocrx_word' id='word_1_100' title='bbox 2079 1847 2282 1932; x_wconf 76' lang='lat' dir='ltr'>viguit</span> <span class='ocrx_word' id='word_1_101' title='bbox 2310 1847 2574 1910; x_wconf 85' lang='lat' dir='ltr'>Paulum</span> 
     </span>
     <span class='ocr_line' id='line_1_13' title="bbox 416 1951 2574 2040; baseline -0.002 -22"><span class='ocrx_word' id='word_1_102' title='bbox 416 1967 481 2018; x_wconf 85' lang='lat' dir='ltr'>et</span> <span class='ocrx_word' id='word_1_103' title='bbox 509 1951 804 2017; x_wconf 83' lang='lat' dir='ltr'>Senecam</span> <span class='ocrx_word' id='word_1_104' title='bbox 844 1973 1063 2038; x_wconf 85' lang='lat' dir='ltr'>magua</span> <span class='ocrx_word' id='word_1_105' title='bbox 1108 1953 1288 2016; x_wconf 80' lang='lat' dir='ltr'>fuisse</span> <span class='ocrx_word' id='word_1_106' title='bbox 1332 1952 1594 2040; x_wconf 84' lang='lat' dir='ltr'>amicitia</span> <span class='ocrx_word' id='word_1_107' title='bbox 1627 1955 2008 2036; x_wconf 80' lang='lat' dir='ltr'>conjunctos,</span> <span class='ocrx_word' id='word_1_108' title='bbox 2048 1957 2212 2036; x_wconf 87' lang='lat' dir='ltr'>quod</span> <span class='ocrx_word' id='word_1_109' title='bbox 2249 1955 2574 2018; x_wconf 77' lang='lat' dir='ltr'>confirmat</span> 
     </span>
     <span class='ocr_line' id='line_1_14' title="bbox 415 2049 2572 2144; baseline 0 -20"><span class='ocrx_word' id='word_1_110' title='bbox 415 2049 604 2124; x_wconf 73' lang='lat' dir='ltr'>Linus</span> <span class='ocrx_word' id='word_1_111' title='bbox 629 2057 854 2123; x_wconf 82' lang='lat' dir='ltr'>Pontis.</span> <span class='ocrx_word' id='word_1_112' title='bbox 872 2062 949 2123; x_wconf 84' lang='lat' dir='ltr'>de</span> <span class='ocrx_word' id='word_1_113' title='bbox 974 2057 1265 2124; x_wconf 86' lang='lat' dir='ltr'>Passione</span> <span class='ocrx_word' id='word_1_114' title='bbox 1290 2057 1486 2122; x_wconf 89' lang='lat' dir='ltr'>Pauli.</span> <span class='ocrx_word' id='word_1_115' title='bbox 1507 2058 1610 2123; x_wconf 87' lang='lat' dir='ltr'>De</span> <span class='ocrx_word' id='word_1_116' title='bbox 1640 2059 1758 2122; x_wconf 83' lang='lat' dir='ltr'>hac</span> <span class='ocrx_word' id='word_1_117' title='bbox 1775 2061 2038 2124; x_wconf 86' lang='lat' dir='ltr'>amicitia</span> <span class='ocrx_word' id='word_1_118' title='bbox 2068 2061 2246 2122; x_wconf 84' lang='lat' dir='ltr'>multi</span> <span class='ocrx_word' id='word_1_119' title='bbox 2277 2062 2572 2144; x_wconf 75' lang='lat' dir='ltr'>discepta-</span> 
     </span>
     <span class='ocr_line' id='line_1_15' title="bbox 418 2165 2570 2252; baseline -0.001 -22"><span class='ocrx_word' id='word_1_120' title='bbox 418 2180 665 2244; x_wconf 72' lang='lat' dir='ltr'>verunt,</span> <span class='ocrx_word' id='word_1_121' title='bbox 690 2166 755 2229; x_wconf 89' lang='lat' dir='ltr'>in</span> <span class='ocrx_word' id='word_1_122' title='bbox 774 2166 989 2252; x_wconf 87' lang='lat' dir='ltr'>primis</span> <span class='ocrx_word' id='word_1_123' title='bbox 1014 2167 1113 2230; x_wconf 83' lang='lat' dir='ltr'>Fr.</span> <span class='ocrx_word' id='word_1_124' title='bbox 1137 2167 1248 2228; x_wconf 74' lang='lat' dir='ltr'>ch.</span> <span class='ocrx_word' id='word_1_125' title='bbox 1272 2167 1489 2251; x_wconf 78' lang='lat' dir='ltr'>Gelpke</span> <span class='ocrx_word' id='word_1_126' title='bbox 1502 2213 1524 2243; x_wconf 88' lang='lat'><strong><em>,</em></strong></span> <span class='ocrx_word' id='word_1_127' title='bbox 1553 2167 1618 2228; x_wconf 86' lang='lat' dir='ltr'>in</span> <span class='ocrx_word' id='word_1_128' title='bbox 1641 2192 1672 2222; x_wconf 74' lang='grc' dir='ltr'><strong>α</strong></span> <span class='ocrx_word' id='word_1_129' title='bbox 1693 2165 2186 2231; x_wconf 81' lang='lat' dir='ltr'>Tractatiuncula</span> <span class='ocrx_word' id='word_1_130' title='bbox 2213 2169 2294 2230; x_wconf 85' lang='lat' dir='ltr'>de</span> <span class='ocrx_word' id='word_1_131' title='bbox 2313 2167 2570 2230; x_wconf 75' lang='lat' dir='ltr'>familia-</span> 
     </span>
     <span class='ocr_line' id='line_1_16' title="bbox 418 2271 2566 2359; baseline -0.003 -18"><span class='ocrx_word' id='word_1_132' title='bbox 418 2276 596 2341; x_wconf 82' lang='lat' dir='ltr'>ritate</span> <span class='ocrx_word' id='word_1_133' title='bbox 640 2296 774 2357; x_wconf 80' lang='lat' dir='ltr'>quae</span> <span class='ocrx_word' id='word_1_134' title='bbox 804 2272 997 2337; x_wconf 89' lang='lat' dir='ltr'>Paulo</span> <span class='ocrx_word' id='word_1_135' title='bbox 1038 2273 1317 2359; x_wconf 86' lang='lat' dir='ltr'>apostolo</span> <span class='ocrx_word' id='word_1_136' title='bbox 1363 2294 1504 2337; x_wconf 87' lang='lat' dir='ltr'>cum</span> <span class='ocrx_word' id='word_1_137' title='bbox 1541 2271 1774 2337; x_wconf 85' lang='lat' dir='ltr'>Seneca</span> <span class='ocrx_word' id='word_1_138' title='bbox 1813 2272 2181 2357; x_wconf 80' lang='lat' dir='ltr'>philosopho</span> <span class='ocrx_word' id='word_1_139' title='bbox 2223 2272 2566 2337; x_wconf 75' lang='lat' dir='ltr'>interfuisse</span> 
     </span>
     <span class='ocr_line' id='line_1_17' title="bbox 420 2377 2566 2467; baseline -0.001 -23"><span class='ocrx_word' id='word_1_140' title='bbox 420 2380 659 2444; x_wconf 81' lang='lat' dir='ltr'>videtur</span> <span class='ocrx_word' id='word_1_141' title='bbox 681 2378 1121 2443; x_wconf 82' lang='lat' dir='ltr'>verisimillima</span> <span class='ocrx_word' id='word_1_142' title='bbox 1142 2406 1171 2433; x_wconf 68' lang='grc' dir='ltr'>ιι</span> <span class='ocrx_word' id='word_1_143' title='bbox 1190 2422 1209 2455; x_wconf 82' lang='grc'>,</span> <span class='ocrx_word' id='word_1_144' title='bbox 1232 2379 1397 2461; x_wconf 75' lang='lat' dir='ltr'>Lips.</span> <span class='ocrx_word' id='word_1_145' title='bbox 1427 2377 1613 2451; x_wconf 83' lang='lat'><strong>1813,</strong></span> <span class='ocrx_word' id='word_1_146' title='bbox 1639 2378 1832 2467; x_wconf 70' lang='lat' dir='ltr'>iri-4⁰.</span> <span class='ocrx_word' id='word_1_147' title='bbox 1855 2377 2060 2460; x_wconf 81' lang='lat' dir='ltr'>Quam</span> <span class='ocrx_word' id='word_1_148' title='bbox 2081 2379 2566 2445; x_wconf 79' lang='lat' dir='ltr'>dissertationem</span> 
     </span>
     <span class='ocr_line' id='line_1_18' title="bbox 421 2485 2564 2570; baseline -0.001 -22"><span class='ocrx_word' id='word_1_149' title='bbox 421 2508 607 2569; x_wconf 90' lang='lat' dir='ltr'>quum</span> <span class='ocrx_word' id='word_1_150' title='bbox 638 2508 792 2570; x_wconf 80' lang='lat' dir='ltr'>saepe</span> <span class='ocrx_word' id='word_1_151' title='bbox 820 2486 1131 2568; x_wconf 79' lang='lat' dir='ltr'>quaesitam</span> <span class='ocrx_word' id='word_1_152' title='bbox 1162 2504 1522 2567; x_wconf 88' lang='lat' dir='ltr'>comparare</span> <span class='ocrx_word' id='word_1_153' title='bbox 1550 2505 1672 2545; x_wconf 90' lang='lat' dir='ltr'>non</span> <span class='ocrx_word' id='word_1_154' title='bbox 1695 2486 2115 2569; x_wconf 74' lang='lat' dir='ltr'>‚potuer-imus,</span> <span class='ocrx_word' id='word_1_155' title='bbox 2151 2486 2305 2547; x_wconf 87' lang='lat' dir='ltr'>satis</span> <span class='ocrx_word' id='word_1_156' title='bbox 2333 2486 2454 2547; x_wconf 85' lang='lat' dir='ltr'>erit</span> <span class='ocrx_word' id='word_1_157' title='bbox 2479 2485 2564 2545; x_wconf 84' lang='lat' dir='ltr'>hic</span> 
     </span>
     <span class='ocr_line' id='line_1_19' title="bbox 418 2586 2564 2673; baseline -0.001 -19"><span class='ocrx_word' id='word_1_158' title='bbox 418 2592 689 2654; x_wconf 84' lang='lat' dir='ltr'>inserere</span> <span class='ocrx_word' id='word_1_159' title='bbox 721 2612 853 2672; x_wconf 75' lang='lat' dir='ltr'>quae</span> <span class='ocrx_word' id='word_1_160' title='bbox 895 2612 965 2652; x_wconf 88' lang='lat' dir='ltr'>ex</span> <span class='ocrx_word' id='word_1_161' title='bbox 1008 2590 1114 2651; x_wconf 86' lang='lat' dir='ltr'>illa</span> <span class='ocrx_word' id='word_1_162' title='bbox 1146 2587 1444 2673; x_wconf 81' lang='lat' dir='ltr'>excerpsit</span> <span class='ocrx_word' id='word_1_163' title='bbox 1496 2586 1679 2651; x_wconf 84' lang='lat' dir='ltr'>Fred.</span> <span class='ocrx_word' id='word_1_164' title='bbox 1727 2587 1950 2651; x_wconf 85' lang='lat' dir='ltr'>Schoell</span> <span class='ocrx_word' id='word_1_165' title='bbox 1968 2634 1987 2665; x_wconf 81' lang='lat'>‚</span> <span class='ocrx_word' id='word_1_166' title='bbox 2035 2590 2302 2651; x_wconf 74' lang='lat' dir='ltr'>Histoire</span> <span class='ocrx_word' id='word_1_167' title='bbox 2346 2592 2564 2670; x_wconf 59' lang='lat' dir='ltr'>obtigit</span> 
     </span>
     <span class='ocr_line' id='line_1_20' title="bbox 310 2685 1816 2779; baseline -0.002 -21"><span class='ocrx_word' id='word_1_168' title='bbox 310 2685 319 2693; x_wconf 57' lang='grc'><strong>’</strong></span> <span class='ocrx_word' id='word_1_169' title='bbox 422 2696 499 2758; x_wconf 82' lang='lat' dir='ltr'>de</span> <span class='ocrx_word' id='word_1_170' title='bbox 529 2700 588 2759; x_wconf 85' lang='lat' dir='ltr'>Ia</span> <span class='ocrx_word' id='word_1_171' title='bbox 613 2696 949 2760; x_wconf 61' lang='lat' dir='ltr'>Later-atum</span> <span class='ocrx_word' id='word_1_172' title='bbox 978 2696 1229 2757; x_wconf 82' lang='lat' dir='ltr'>roma1⁰ne</span> <span class='ocrx_word' id='word_1_173' title='bbox 1246 2740 1269 2770; x_wconf 86' lang='lat'>‚</span> <span class='ocrx_word' id='word_1_174' title='bbox 1302 2693 1424 2757; x_wconf 82' lang='lat' dir='ltr'>vol.</span> <span class='ocrx_word' id='word_1_175' title='bbox 1453 2692 1514 2756; x_wconf 89' lang='lat' dir='ltr'>Il</span> <span class='ocrx_word' id='word_1_176' title='bbox 1533 2740 1551 2771; x_wconf 81' lang='lat'>‚</span> <span class='ocrx_word' id='word_1_177' title='bbox 1585 2716 1648 2779; x_wconf 88' lang='lat' dir='ltr'>p.</span> <span class='ocrx_word' id='word_1_178' title='bbox 1678 2694 1816 2770; x_wconf 69' lang='grc'><strong>445.</strong></span> 
     </span>
    </p>
   </div>
   <div class='ocr_carea' id='block_1_5' title="bbox 426 2892 2564 3843">
    <p class='ocr_par' dir='ltr' id='par_1_5' title="bbox 426 2892 2564 3843">
     <span class='ocr_line' id='line_1_21' title="bbox 512 2892 2564 2987; baseline 0.003 -24"><span class='ocrx_word' id='word_1_179' title='bbox 512 2931 545 2963; x_wconf 70' lang='grc' dir='ltr'><strong>α</strong></span> <span class='ocrx_word' id='word_1_180' title='bbox 576 2902 756 2971; x_wconf 85' lang='lat' dir='ltr'>Cette·</span> <span class='ocrx_word' id='word_1_181' title='bbox 776 2903 1062 2965; x_wconf 83' lang='lat' dir='ltr'>tradition</span> <span class='ocrx_word' id='word_1_182' title='bbox 1082 2922 1161 2963; x_wconf 87' lang='lat' dir='ltr'>ne</span> <span class='ocrx_word' id='word_1_183' title='bbox 1180 2903 1309 2963; x_wconf 86' lang='lat' dir='ltr'>doit</span> <span class='ocrx_word' id='word_1_184' title='bbox 1330 2902 1640 2985; x_wconf 69' lang='lat' dir='ltr'>peut-etre</span> <span class='ocrx_word' id='word_1_185' title='bbox 1665 2920 1776 2983; x_wconf 84' lang='lat' dir='ltr'>pas</span> <span class='ocrx_word' id='word_1_186' title='bbox 1801 2902 1930 2965; x_wconf 61' lang='lat' dir='ltr'>&amp;tre</span> <span class='ocrx_word' id='word_1_187' title='bbox 1955 2892 2242 2985; x_wconf 57' lang='lat' dir='ltr'>relliguee</span> <span class='ocrx_word' id='word_1_188' title='bbox 2261 2908 2470 2987; x_wconf 81' lang='lat' dir='ltr'>parmi</span> <span class='ocrx_word' id='word_1_189' title='bbox 2487 2906 2564 2969; x_wconf 85' lang='lat' dir='ltr'>les</span> 
     </span>
     <span class='ocr_line' id='line_1_22' title="bbox 426 3008 2564 3094; baseline 0.001 -21"><span class='ocrx_word' id='word_1_190' title='bbox 426 3009 620 3075; x_wconf 69' lang='lat' dir='ltr'>sables</span> <span class='ocrx_word' id='word_1_191' title='bbox 644 3034 661 3085; x_wconf 69' lang='grc' dir='ltr'><strong>ς</strong></span> <span class='ocrx_word' id='word_1_192' title='bbox 707 3010 1008 3094; x_wconf 84' lang='lat' dir='ltr'>plusieurs</span> <span class='ocrx_word' id='word_1_193' title='bbox 1052 3008 1493 3070; x_wconf 84' lang='lat' dir='ltr'>circonstauces</span> <span class='ocrx_word' id='word_1_194' title='bbox 1536 3028 1602 3069; x_wconf 89' lang='lat' dir='ltr'>se</span> <span class='ocrx_word' id='word_1_195' title='bbox 1647 3008 1984 3069; x_wconf 73' lang='lat' dir='ltr'>renuissent</span> <span class='ocrx_word' id='word_1_196' title='bbox 2023 3027 2184 3089; x_wconf 83' lang='lat' dir='ltr'>pour</span> <span class='ocrx_word' id='word_1_197' title='bbox 2225 3010 2316 3072; x_wconf 87' lang='lat' dir='ltr'>lui</span> <span class='ocrx_word' id='word_1_198' title='bbox 2349 3014 2564 3075; x_wconf 79' lang='lat' dir='ltr'>donner</span> 
     </span>
     <span class='ocr_line' id='line_1_23' title="bbox 430 3110 2564 3202; baseline 0 -20"><span class='ocrx_word' id='word_1_199' title='bbox 430 3118 687 3202; x_wconf 82' lang='lat' dir='ltr'>quelque</span> <span class='ocrx_word' id='word_1_200' title='bbox 714 3114 1217 3179; x_wconf 74' lang='lat' dir='ltr'>vraisemhlance.</span> <span class='ocrx_word' id='word_1_201' title='bbox 1237 3110 1380 3175; x_wconf 90' lang='lat' dir='ltr'>Elle</span> <span class='ocrx_word' id='word_1_202' title='bbox 1403 3112 1680 3196; x_wconf 88' lang='lat' dir='ltr'>explique</span> <span class='ocrx_word' id='word_1_203' title='bbox 1697 3132 1778 3175; x_wconf 84' lang='lat' dir='ltr'>au</span> <span class='ocrx_word' id='word_1_204' title='bbox 1795 3114 1994 3175; x_wconf 87' lang='lat' dir='ltr'>moins</span> <span class='ocrx_word' id='word_1_205' title='bbox 2013 3114 2073 3176; x_wconf 83' lang='lat' dir='ltr'>la</span> <span class='ocrx_word' id='word_1_206' title='bbox 2089 3116 2424 3200; x_wconf 76' lang='lat' dir='ltr'>singuliere</span> <span class='ocrx_word' id='word_1_207' title='bbox 2447 3142 2564 3183; x_wconf 84' lang='lat' dir='ltr'>res-</span> 
     </span>
     <span class='ocr_line' id='line_1_24' title="bbox 432 3218 2564 3303; baseline 0 -15"><span class='ocrx_word' id='word_1_208' title='bbox 432 3224 776 3289; x_wconf 80' lang='lat' dir='ltr'>semblance</span> <span class='ocrx_word' id='word_1_209' title='bbox 805 3232 921 3303; x_wconf 81' lang='lat' dir='ltr'>que</span> <span class='ocrx_word' id='word_1_210' title='bbox 939 3219 1029 3281; x_wconf 92' lang='lat' dir='ltr'>les</span> <span class='ocrx_word' id='word_1_211' title='bbox 1050 3218 1329 3280; x_wconf 86' lang='lat' dir='ltr'>hommes</span> <span class='ocrx_word' id='word_1_212' title='bbox 1345 3220 1420 3280; x_wconf 89' lang='lat' dir='ltr'>de</span> <span class='ocrx_word' id='word_1_213' title='bbox 1447 3218 1658 3281; x_wconf 86' lang='lat' dir='ltr'>lettres</span> <span class='ocrx_word' id='word_1_214' title='bbox 1685 3232 1792 3283; x_wconf 88' lang='lat' dir='ltr'>ont</span> <span class='ocrx_word' id='word_1_215' title='bbox 1815 3229 2177 3303; x_wconf 80' lang='lat' dir='ltr'>remarquee</span> <span class='ocrx_word' id='word_1_216' title='bbox 2201 3238 2376 3289; x_wconf 84' lang='lat' dir='ltr'>entre</span> <span class='ocrx_word' id='word_1_217' title='bbox 2397 3226 2564 3289; x_wconf 78' lang='lat' dir='ltr'>beau·</span> 
     </span>
     <span class='ocr_line' id='line_1_25' title="bbox 434 3310 2562 3413; baseline 0 -20"><span class='ocrx_word' id='word_1_218' title='bbox 434 3350 589 3413; x_wconf 90' lang='lat' dir='ltr'>coup</span> <span class='ocrx_word' id='word_1_219' title='bbox 615 3332 690 3392; x_wconf 88' lang='lat' dir='ltr'>de</span> <span class='ocrx_word' id='word_1_220' title='bbox 724 3346 1011 3411; x_wconf 82' lang='lat' dir='ltr'>passages</span> <span class='ocrx_word' id='word_1_221' title='bbox 1046 3326 1119 3387; x_wconf 90' lang='lat' dir='ltr'>de</span> <span class='ocrx_word' id='word_1_222' title='bbox 1162 3321 1439 3405; x_wconf 75' lang='lat' dir='ltr'>Seneque</span> <span class='ocrx_word' id='word_1_223' title='bbox 1467 3337 1530 3387; x_wconf 88' lang='lat' dir='ltr'>et</span> <span class='ocrx_word' id='word_1_224' title='bbox 1557 3326 1661 3387; x_wconf 88' lang='lat' dir='ltr'>des</span> <span class='ocrx_word' id='word_1_225' title='bbox 1699 3325 1920 3388; x_wconf 85' lang='lat' dir='ltr'>saintes</span> <span class='ocrx_word' id='word_1_226' title='bbox 1958 3310 2274 3391; x_wconf 81' lang='lat' dir='ltr'>Ecritures</span> <span class='ocrx_word' id='word_1_227' title='bbox 2295 3376 2318 3407; x_wconf 86' lang='lat'>‚</span> <span class='ocrx_word' id='word_1_228' title='bbox 2347 3347 2562 3395; x_wconf 84' lang='lat' dir='ltr'>surtout</span> 
     </span>
     <span class='ocr_line' id='line_1_26' title="bbox 434 3416 2558 3518; baseline 0.001 -20"><span class='ocrx_word' id='word_1_229' title='bbox 434 3436 543 3498; x_wconf 79' lang='lat' dir='ltr'>des</span> <span class='ocrx_word' id='word_1_230' title='bbox 579 3416 806 3518; x_wconf 69' lang='lat' dir='ltr'>Epitres</span> <span class='ocrx_word' id='word_1_231' title='bbox 835 3434 905 3491; x_wconf 80' lang='lat' dir='ltr'>de</span> <span class='ocrx_word' id='word_1_232' title='bbox 932 3434 1094 3492; x_wconf 80' lang='lat' dir='ltr'>saint</span> <span class='ocrx_word' id='word_1_233' title='bbox 1119 3430 1285 3491; x_wconf 84' lang='lat' dir='ltr'>Paul.</span> <span class='ocrx_word' id='word_1_234' title='bbox 1319 3428 1496 3491; x_wconf 87' lang='lat' dir='ltr'>Nous</span> <span class='ocrx_word' id='word_1_235' title='bbox 1533 3429 1729 3493; x_wconf 89' lang='lat' dir='ltr'>allous</span> <span class='ocrx_word' id='word_1_236' title='bbox 1773 3446 2097 3516; x_wconf 88' lang='lat' dir='ltr'>rapporter</span> <span class='ocrx_word' id='word_1_237' title='bbox 2136 3434 2558 3518; x_wconf 83' lang='lat' dir='ltr'>quelques—uus</span> 
     </span>
     <span class='ocr_line' id='line_1_27' title="bbox 438 3536 2557 3627; baseline 0 -23"><span class='ocrx_word' id='word_1_238' title='bbox 438 3542 514 3605; x_wconf 84' lang='lat' dir='ltr'>de</span> <span class='ocrx_word' id='word_1_239' title='bbox 538 3562 639 3603; x_wconf 90' lang='lat' dir='ltr'>ces</span> <span class='ocrx_word' id='word_1_240' title='bbox 666 3559 948 3625; x_wconf 84' lang='lat' dir='ltr'>passages</span> <span class='ocrx_word' id='word_1_241' title='bbox 976 3536 1300 3620; x_wconf 73' lang='lat' dir='ltr'>paralleles</span> <span class='ocrx_word' id='word_1_242' title='bbox 1318 3580 1335 3615; x_wconf 87' lang='lat'>,</span> <span class='ocrx_word' id='word_1_243' title='bbox 1361 3557 1438 3598; x_wconf 86' lang='lat' dir='ltr'>en</span> <span class='ocrx_word' id='word_1_244' title='bbox 1458 3552 1878 3620; x_wconf 59' lang='lat' dir='ltr'>commenqant</span> <span class='ocrx_word' id='word_1_245' title='bbox 1904 3560 2018 3623; x_wconf 89' lang='lat' dir='ltr'>par</span> <span class='ocrx_word' id='word_1_246' title='bbox 2043 3539 2104 3601; x_wconf 85' lang='lat' dir='ltr'>la</span> <span class='ocrx_word' id='word_1_247' title='bbox 2125 3540 2438 3627; x_wconf 83' lang='lat' dir='ltr'>harangue</span> <span class='ocrx_word' id='word_1_248' title='bbox 2457 3568 2557 3627; x_wconf 82' lang='lat' dir='ltr'>que</span> 
     </span>
     <span class='ocr_line' id='line_1_28' title="bbox 438 3641 2556 3732; baseline 0.002 -20"><span class='ocrx_word' id='word_1_249' title='bbox 438 3648 694 3732; x_wconf 69' lang='lat' dir='ltr'>l’apdtre</span> <span class='ocrx_word' id='word_1_250' title='bbox 713 3664 1022 3730; x_wconf 64' lang='lat' dir='ltr'>prononca</span> <span class='ocrx_word' id='word_1_251' title='bbox 1044 3645 1261 3707; x_wconf 83' lang='lat' dir='ltr'>devant</span> <span class='ocrx_word' id='word_1_252' title='bbox 1287 3641 1632 3727; x_wconf 72' lang='lat' dir='ltr'>l’areopage</span> <span class='ocrx_word' id='word_1_253' title='bbox 1661 3642 1990 3708; x_wconf 75' lang='lat' dir='ltr'>d&#39;Atheues</span> <span class='ocrx_word' id='word_1_254' title='bbox 2004 3691 2022 3723; x_wconf 87' lang='lat'><strong>‚</strong></span> <span class='ocrx_word' id='word_1_255' title='bbox 2057 3662 2120 3710; x_wconf 90' lang='lat' dir='ltr'>et</span> <span class='ocrx_word' id='word_1_256' title='bbox 2139 3672 2259 3731; x_wconf 87' lang='lat' dir='ltr'>que</span> <span class='ocrx_word' id='word_1_257' title='bbox 2277 3653 2432 3715; x_wconf 80' lang='lat' dir='ltr'>saint</span> <span class='ocrx_word' id='word_1_258' title='bbox 2449 3650 2556 3715; x_wconf 79' lang='lat' dir='ltr'>Luc</span> 
     </span>
     <span class='ocr_line' id='line_1_29' title="bbox 442 3749 2489 3843; baseline 0.002 -24"><span class='ocrx_word' id='word_1_259' title='bbox 442 3776 480 3820; x_wconf 87' lang='lat' dir='ltr'>a</span> <span class='ocrx_word' id='word_1_260' title='bbox 510 3756 747 3819; x_wconf 74' lang='lat' dir='ltr'>inseres</span> <span class='ocrx_word' id='word_1_261' title='bbox 774 3753 923 3815; x_wconf 84' lang='lat' dir='ltr'>dans</span> <span class='ocrx_word' id='word_1_262' title='bbox 952 3750 1013 3814; x_wconf 90' lang='lat' dir='ltr'>le</span> <span class='ocrx_word' id='word_1_263' title='bbox 1040 3749 1454 3835; x_wconf 78' lang='lat' dir='ltr'>dix-septieme</span> <span class='ocrx_word' id='word_1_264' title='bbox 1483 3750 1755 3835; x_wconf 77' lang='lat' dir='ltr'>chapitre</span> <span class='ocrx_word' id='word_1_265' title='bbox 1785 3752 1893 3817; x_wconf 85' lang='lat' dir='ltr'>des</span> <span class='ocrx_word' id='word_1_266' title='bbox 1913 3758 2090 3818; x_wconf 79' lang='lat' dir='ltr'>Actes</span> <span class='ocrx_word' id='word_1_267' title='bbox 2119 3758 2224 3821; x_wconf 81' lang='lat' dir='ltr'>des</span> <span class='ocrx_word' id='word_1_268' title='bbox 2243 3760 2489 3843; x_wconf 73' lang='lat' dir='ltr'>Apdltes.</span> 
     </span>
    </p>
   </div>
   <div class='ocr_carea' id='block_1_6' title="bbox 516 4026 1744 4108">
    <p class='ocr_par' dir='ltr' id='par_1_6' title="bbox 516 4026 1744 4108">
     <span class='ocr_line' id='line_1_30' title="bbox 516 4026 1744 4108; baseline -0.01 -19"><span class='ocrx_word' id='word_1_269' title='bbox 516 4046 535 4074; x_wconf 86' lang='lat'>¹</span> <span class='ocrx_word' id='word_1_270' title='bbox 562 4036 672 4108; x_wconf 79' lang='lat' dir='ltr'>Ipsa</span> <span class='ocrx_word' id='word_1_271' title='bbox 694 4032 800 4103; x_wconf 71' lang='lat' dir='ltr'>ejus</span> <span class='ocrx_word' id='word_1_272' title='bbox 820 4028 973 4083; x_wconf 78' lang='lat' dir='ltr'>verba</span> <span class='ocrx_word' id='word_1_273' title='bbox 1000 4027 1118 4081; x_wconf 77' lang='lat' dir='ltr'>vide</span> <span class='ocrx_word' id='word_1_274' title='bbox 1142 4026 1271 4081; x_wconf 77' lang='lat' dir='ltr'>infra</span> <span class='ocrx_word' id='word_1_275' title='bbox 1297 4064 1311 4093; x_wconf 90' lang='lat'><strong>,</strong></span> <span class='ocrx_word' id='word_1_276' title='bbox 1339 4046 1385 4099; x_wconf 82' lang='lat' dir='ltr'>p.</span> <span class='ocrx_word' id='word_1_277' title='bbox 1410 4026 1542 4095; x_wconf 75' lang='lat'>470..</span> <span class='ocrx_word' id='word_1_278' title='bbox 1566 4038 1669 4079; x_wconf 84' lang='lat' dir='ltr'>not.</span> <span class='ocrx_word' id='word_1_279' title='bbox 1697 4027 1744 4079; x_wconf 85' lang='lat'>3.</span> 
     </span>
    </p>
   </div>
  </div>
 </body>
</html>
