2667 4475
259 324 266 329 ,
385 241 524 327 646
947 324 952 329 ⁸
1122 234 1788 305 JUSTILIPSH

383 383 522 445 dum
549 383 884 444 mixtionem
915 382 1152 443 rationis
1187 382 1637 463 progenitorum.
1666 406 1695 433 ι»
1728 379 2189 442 Oboemiuscuh
2226 382 2389 441 mihi
2428 386 2535 443 ista
2554 432 2567 443 .

383 514 491 552 nec
519 492 636 551 scio
661 513 736 551 an
758 491 1012 565 sincera,
1041 501 1141 549 aut
1165 487 1358 569 plena.
1390 485 1709 549 Numenius
1732 487 1969 570 quidem
1994 482 2059 549 in
2083 487 2367 549 Eusebio
2386 534 2409 563 2
2434 492 2569 551 ubr-

377 601 498 660 rius
526 595 774 680 profert,
808 608 872 655 ut
901 594 1144 655 Zenonis
1179 592 1355 653 verba
1389 616 1406 651 a
1445 618 1473 647 a
1500 592 1707 653 Semeu
1738 594 1821 653 ait
1848 593 2007 655 Zeno
2050 615 2188 655 esse
2210 640 2231 669 ,
2282 596 2459 677 qnod
2493 598 2567 655 vir
2641 598 2643 611 '

379 705 586 765 emittit
603 724 736 762 cum
756 699 1014 761 Humido
1031 744 1048 775 ,
1075 701 1292 761 Animae
1312 712 1535 781 partem
1557 711 1615 759 et
1633 700 1987 761 avulsionem
2008 743 2027 776 ,
2062 703 2323 761 seminis
2352 724 2565 784 pmge-
2641 720 2643 789 j

383 812 635 871 nitorum
666 809 1006 890 temperiem
1049 820 1105 867 et
1145 808 1456 867 mixturam
1484 806 1765 866 occultam
1793 809 2013 867 Animae
2042 810 2345 889 partium.
2375 836 2407 861 n
2434 808 2563 883 Qu:

383 917 538 977 clara
565 928 699 977 sunt
717 958 734 991 ,
769 928 869 975 aut
903 927 1072 974 erunt
1099 935 1132 972 e
1160 912 1419 975 dicendis
1444 936 1461 971 ι
1488 925 1546 973 et
1570 933 1771 995 pergo.
1800 914 1896 971 Ait
1912 956 1931 987 ,
1962 940 1991 966 α
2012 911 2167 973 Esse
2188 914 2505 996 Spiritum.
2534 942 2555 963 ·

384 1023 514 1083 Non
543 1024 726 1083 solum
757 1019 996 1103 quidem
1026 1044 1043 1079 ε
1077 1017 1302 1081 Humor
1327 1020 1492 1080 adest
1512 1042 1529 1079 ε
1552 1018 1658 1079 sed
1687 1020 1807 1079 vim
1840 1031 1899 1077 et
1928 1021 2255 1080 efficaciam
2284 1020 2553 1105 gignendi

381 1130 443 1190 in
476 1129 694 1211 Spiritu
720 1129 884 1210 ponit
900 1172 918 1203 ,
951 1148 1197 1208 eumque
1225 1127 1385 1187 velut
1412 1126 1659 1186 Seminis
1690 1124 1991 1187 essentiam
2022 1149 2091 1185 ac
2120 1140 2429 1189 naturam.
2456 1130 2557 1187 Ar-
2641 1112 2643 1119 Ι

383 1247 718 1319 gumentum
749 1256 785 1293 a
811 1233 1125 1294 seminibus
1156 1233 1218 1291 in
1245 1244 1461 1293 terram
1482 1210 1651 1311 'jactis
1679 1255 1697 1290 ε
1724 1254 1801 1291 an
1828 1230 2099 1292 humanis
2128 1232 2309 1315 (quia
2337 1234 2416 1293 de
2438 1234 2555 1293 Ho-
2641 1230 2643 1293 ἶ

381 1342 539 1400 mine
572 1337 898 1422 loquitur),
932 1350 990 1398 et
1013 1336 1456 1398 masturbatores
1489 1336 1643 1399 foeda
1675 1360 1741 1397 re
1774 1350 1831 1398 et
1857 1340 2093 1399 nomine
2124 1341 2461 1424 intellig-it?
2486 1364 2553 1399 an
2641 1340 2643 1409 ξ

382 1447 458 1507 de
489 1445 720 1528 frugum
753 1444 1066 1507 seminibus
1099 1443 1417 1524 simplicius
1448 1445 1611 1525 capi,
1654 1466 1780 1527 quae
1819 1447 2245 1508 veterascentia
2280 1447 2549 1528 'denque
2641 1424 2643 1511 Ῑ

380 1554 592 1613 scimus
611 1574 728 1612 non
751 1553 988 1635 gignere
1007 1593 1026 1625 ,
1053 1550 1274 1631 Spiritu
1295 1549 1576 1611 exhausto
1596 1564 1697 1612 aut
1714 1565 2081 1613 vanescente.
2108 1552 2369 1635 Spin‘tni
2388 1556 2549 1637 igitur
2641 1536 2643 1573 ³

381 1659 643 1721 tribuunt
673 1660 844 1719 etiam
886 1660 946 1717 in
979 1657 1234 1717 Homine
1265 1680 1300 1716 a
1329 1658 1525 1718 simili.
1565 1657 1781 1719 Seneca
1816 1657 1921 1739 (11
1954 1658 2177 1734 Qua-st.
2200 1704 2219 1733 ,
2252 1682 2393 1742 cap.
2422 1658 2501 1739 6)
2526 1684 2541 1716 :
2641 1632 2643 1645 Ι

388 1794 416 1821 α
448 1764 890 1827 Consideremus
935 1786 1110 1847 quam
1139 1766 1435 1848 ingentem
1462 1766 1580 1825 vim
1608 1787 1715 1846 per
1754 1766 2042 1827 occultum
2086 1781 2271 1850 agant
2318 1769 2541 1849 parvula

383 1872 694 1937 admodum
723 1875 942 1933 semina
965 1896 985 1931 ε
1013 1884 1071 1933 et
1101 1895 1345 1955 quorum
1382 1874 1607 1935 exilitas
1648 1875 1711 1937 in
1746 1876 2118 1951 commissura
2152 1875 2429 1957 lapidum
2454 1878 2541 1935 rix
2641 1870 2643 1919 ῗ

375 1980 568 2041 locum
587 1980 876 2053 inveniat,
906 1980 968 2039 in
991 1992 1216 2063 tantum
1239 1980 1645 2041 convalescunt
1665 1992 1731 2041 ut
1748 1981 2001 2063 ingentia
2016 2002 2163 2041 saxa
2190 1980 2535 2052 dista-abant,

377 2101 436 2148 et
464 2098 840 2149 monumenta
869 2085 1201 2154 dissolyant.
1240 2086 1369 2147 Hoc
1400 2086 1545 2169 quid
1574 2099 1661 2149 est
1688 2087 1880 2161 aliud,
1918 2108 2097 2169 quam
2134 2090 2399 2149 intensio
2422 2092 2539 2169 spi-

377 2196 521 2258 ritus
539 2239 556 2271 ‚
610 2196 735 2256 sine
775 2215 892 2278 qua
926 2194 1011 2254 nil
1055 2193 1311 2256 validum
1329 2237 1349 2270 ,
1380 2208 1439 2256 et
1481 2206 1679 2259 contra
1716 2216 1891 2278 quam
1938 2196 2020 2257 nil
2068 2195 2328 2258 validius
2364 2198 2489 2258 est?
2508 2224 2531 2248 ι

377 2287 512 2364 Hoc
531 2303 826 2384 adspectu,
851 2301 1046 2376 credo,
1073 2297 1343 2382 dicebant
1359 2299 1551 2384 (quod
1568 2300 1905 2365 Plutarchus
1922 2304 2189 2376 mii-amr,
2212 2318 2275 2364 et
2289 2305 2533 2372 damnat.

375 2408 468 2470 De
490 2408 653 2469 Com.
687 2405 854 2490 Not.)
885 2431 902 2468 e
939 2435 967 2460 α
983 2406 1194 2468 Semen
1221 2408 1469 2490 amplius
1496 2421 1559 2468 et
1582 2409 1857 2492 grandius
1884 2429 2008 2470 esse
2024 2453 2043 2484 ,
2068 2431 2261 2490 quam
2284 2411 2449 2492 quod
2468 2433 2531 2470 a

375 2535 445 2576 eo
472 2515 725 2598 gignitur
745 2517 782 2598 s*
802 2536 820 2571 ε
849 2534 967 2573 non
994 2512 1228 2574 modulo
1249 2525 1351 2572 aut
1380 2516 1697 2596 quantitate
1713 2557 1732 2588 ,
1763 2514 1867 2574 sed
1896 2516 2167 2574 efficacia.
2194 2515 2529 2598 Quanquam

375 2634 436 2684 et
461 2620 698 2682 modulo
728 2622 789 2680 in
823 2619 1168 2702 quibusdam
1192 2663 1208 2694 ,
1244 2633 1310 2681 nt
1351 2620 1413 2678 in
1446 2620 1591 2704 Igne
1626 2666 1643 2694 ,
1688 2633 1820 2702 post
1854 2621 2409 2704 conflagrationem,
2438 2625 2531 2705 qui
2641 2605 2643 2674 Ϊ

373 2739 460 2789 est
493 2726 701 2787 Semen
735 2724 960 2808 mundi.
995 2725 1086 2784 Ab
1127 2723 1234 2784 hac
1267 2747 1439 2786 causa
1474 2724 1761 2808 (Spiritu,
1794 2725 1969 2809 dico)
1996 2740 2057 2788 et
2082 2736 2235 2808 φύσις
2266 2729 2425 2790 dicu
2450 2733 2533 2790 vi-
2641 2729 2643 2802 ξ

376 2835 544 2895 detur
571 2831 772 2913 Stoicis
804 2837 875 2901 ὡς
901 2836 954 2893 ἐν
973 2839 1179 2912 φύσεσιν
1209 2833 1343 2894 οὖσα
1376 2857 1393 2890 2
1430 2858 1461 2888 κ
1486 2831 1701 2894 Natura
1718 2877 1734 2908 ,
1764 2833 1923 2916 quod
1952 2835 2027 2894 sit
2054 2836 2119 2896 iu
2154 2837 2457 2918 spiritibus
2482 2853 2529 2896 et

369 2939 764 3004 inflationibus
783 2983 802 3014 ,
849 2951 908 2999 et
940 2936 1168 2998 diffusio
1201 2939 1635 3020 proportionum
1682 2961 1749 2998 ac
1784 2961 2178 3002 numerorum.
2212 2967 2244 2994 n
2292 2939 2403 3004 Rst
2430 2945 2529 3026 igi-

371 3060 464 3108 tur
493 3069 690 3109 semen
733 3047 1018 3130 Spin'tus':
1067 3045 1298 3127 isteipse
1321 3089 1339 3119 ,
1388 3073 1415 3101 ιι
1440 3067 1647 3128 corpus
1686 3046 1901 3106 Zenoni
1942 3047 2063 3129 (ait
2104 3048 2487 3132 Plutarchus)
2506 3075 2523 3108 ε
2641 3049 2643 3122 1

372 3155 592 3216 Animae
626 3155 782 3214 euim
809 3151 1146 3235 particulam
1189 3153 1445 3212 avulsam
1477 3172 1623 3212 esse.
1652 3179 1680 3206 u
1721 3155 1939 3214 Animae
1958 3198 1975 3228 ‚
2007 3177 2125 3216 non
2154 3158 2339 3216 totius
2381 3183 2399 3216 =
2436 3157 2523 3217 sed
2641 3135 2643 3164 ⁵

369 3263 494 3342 ejus
525 3262 776 3344 partium
793 3303 810 3335 ‚
851 3271 917 3320 ut
945 3271 1102 3320 ante.
1135 3256 1420 3342 Epicurus
1448 3282 1565 3320 non
1594 3259 1943 3322 dissimiliter
1973 3261 2205 3324 dixerat
2230 3288 2251 3324 z
2282 3292 2311 3318 ι
2330 3265 2522 3326 semen

369 3371 622 3450 corporis
659 3381 718 3430 et
762 3369 962 3428 animae
1004 3366 1316 3427 detractam
1356 3378 1597 3448 partem.
1626 3393 1655 3420 ι»
1704 3364 1898 3450 Pergit
1928 3366 2193 3430 Laertius
2224 3394 2245 3428 ι
2284 3398 2315 3424 α
2334 3372 2389 3432 A
2410 3375 2521 3433 tutis
2641 3405 2643 3440 ς

369 3476 703 3562 corporibus
731 3473 1010 3535 defluere.
1061 3500 1088 3527 ι»
1123 3471 1201 3532 Et
1231 3495 1405 3534 causa
1434 3471 1665 3532 additur
1689 3495 1706 3530 ε
1737 3496 1875 3534 nam
1908 3487 1969 3534 et
1996 3486 2118 3546 tota
2146 3497 2399 3558 corpora
2416 3477 2523 3540 fmu-

367 3596 486 3646 mat
509 3629 530 3658 ,
562 3582 663 3642 sed
699 3595 757 3642 et
783 3582 924 3656 vitia
943 3627 959 3656 ,
993 3593 1092 3642 aut
1121 3580 1280 3642 dotes
1310 3581 1561 3661 partium
1580 3624 1599 3654 ‚
1632 3601 1783 3662 saepe
1808 3583 2044 3664 effingit.
2079 3583 2513 3668 Trismegistus:

376 3720 404 3749 «ι
432 3692 624 3770 Quum
667 3690 961 3774 generatio
1008 3709 1206 3749 semen
1255 3687 1483 3768 seponit
1498 3731 1515 3762 ‚
1564 3688 1757 3749 evenit
1784 3699 1851 3751 ut
1876 3709 1950 3750 ex
1980 3689 2254 3752 omnibus
2284 3697 2513 3778 corporis

367 3797 624 3882 partibus
655 3797 902 3856 essentia
925 3795 1186 3876 quaedam
1218 3793 1425 3854 influat
1453 3805 1511 3853 et
1537 3794 1811 3876 inspiret,
1844 3794 2040 3856 divina
2065 3801 2437 3878 operatione,
2462 3811 2511 3860 ut

367 3907 428 3964 in
464 3905 709 3964 hominis
735 3905 801 3962 fit
830 3913 977 3962 ortu.
1010 3928 1036 3954 ι»
1070 3901 1511 3982 Inspirationem
1540 3901 1660 3960 sive
1686 3899 1959 3982 Spiritum
1994 3903 2171 3964 etiam
2206 3906 2293 3966 ibi
2328 3921 2507 3978 notem

367 4023 424 4068 et
457 4011 744 4092 sapienter
775 4007 1030 4068 additum
1057 4051 1072 4081 ,
1109 4007 1180 4066 (le
1219 4009 1537 4086 operatione
1562 4008 1751 4068 divina
1772 4052 1789 4082 ,
1834 4015 1959 4090 quoe
1984 4009 2249 4092 profecto
2290 4019 2435 4076 anui
2461 4029 2505 4074 et
