2667 4475
495 309 976 381 PHYSIOL.
1025 310 1521 382 STOICOR.
1568 310 1767 381 LIB.
1821 311 1919 379 11.
2145 316 2275 383 565

119 458 235 519 ubi
267 454 350 517 ab
377 454 690 517 Elementis
722 477 792 517 ea
817 454 1022 515 dividit
1048 479 1065 515 ε
1101 482 1130 509 σε
1150 453 1226 515 Et
1250 476 1487 537 corpora
1519 472 1643 517 esse
1666 456 1986 538 Principia,
2017 468 2077 517 et·
2098 454 2307 519 sormae·

119 565 428 646 expertia.
463 590 490 617 »ι
523 562 642 623 Ubi
680 576 872 623 tamen
901 563 1008 623 viri
1047 561 1196 623 docti
1240 562 1485 625 fidenter
1512 563 1832 625 rescribunt
1865 588 1882 622 ε
1921 590 1947 617 α
1984 561 2059 623 Et
2097 566 2287 625 incor-

117 694 319 753 porea
348 690 476 733 esse
505 670 813 752 Principia.
853 694 882 723 »ο
913 668 1084 745 Quod
1112 690 1215 752 pro
1247 672 1535 731 communi
1565 682 1759 731 nostra
1784 668 2143 753 philosophia
2170 693 2283 733 ve-

113 786 264 835 ‘rum
300 776 509 853 fateor,
534 777 724 839 abnuo
746 776 820 835 de
839 774 1173 837 Stoicorum.
1203 775 1339 858 Ipse
1368 777 1523 838 enim
1542 774 1697 839 Deus
1718 778 1787 837 iis
1814 798 2049 859 eorpus,
2077 777 2139 837 id
2162 791 2279 854 est,

117 882 374 943 Seneca
409 910 437 938 α
462 883 646 944 Causa
663 926 680 957 ,
704 885 896 944 omnia
925 904 1179 944 movens.
1206 910 1234 935 ι»
1266 885 1357 944 An
1386 906 1499 945 non
1531 883 1748 966 Corpus
1766 886 1875 959 sit,
1898 906 2079 966 quum
2113 886 2283 945 etiam

119 990 374 1049 Animal
433 990 562 1050 est?
610 989 697 1051 Ita
748 991 902 1051 enim
949 990 1104 1051 idem
1145 988 1361 1051 Seneca
1406 989 1609 1051 dividit
1656 992 1791 1051 alibi
1838 988 2066 1074 (Epist.
2120 988 2287 1072 ux.)

123 1124 157 1149 «ι
203 1097 473 1178 Corpus,
507 1098 567 1157 in
599 1098 922 1158 Animantia
939 1140 957 1171 ,
991 1109 1048 1157 et
1077 1097 1365 1168 inanima;
1394 1118 1591 1157 rursus
1623 1097 1907 1159 Animalia
1938 1110 2039 1159 aut
2068 1097 2282 1160 Morta-

117 1204 207 1262 lia
239 1216 381 1263 sunt
402 1248 420 1279 ,
455 1216 557 1263 aut
588 1203 956 1267 Immortalia.
986 1230 1014 1257 n
1051 1200 1128 1263 Et
1155 1203 1262 1264 suh
1287 1204 1395 1263 hac
1426 1206 1617 1285 specie
1647 1206 1742 1265 Dii
1769 1226 1835 1265 ac
1886 1204 2057 1265 Genii
2088 1207 2279 1265 conti-

117 1322 367 1369 nentur.
402 1308 604 1391 Neque
634 1311 797 1370 aliter
827 1308 924 1369 alii
957 1332 974 1369 ε
1007 1330 1156 1369 unns
1195 1309 1369 1369 modo
1408 1310 1592 1370 nodus
1623 1332 1717 1371 me
1746 1311 1883 1392 ligat
1911 1310 1985 1368 ab
2018 1311 2143 1391 ipso
2172 1310 2279 1369 Se-

117 1436 280 1474 neca
307 1416 550 1495 injectus
573 1460 590 1491 ,
614 1417 719 1498 qui·
734 1416 869 1477 alibi
890 1417 1132 1497 primam
1153 1416 1310 1476 illam
1332 1418 1573 1477 Causam
1594 1416 1843 1498 appellat
1860 1414 2277 1495 Incorporalem

113 1516 401 1601 (Consul.
429 1520 504 1581 ad
527 1522 702 1581 Πρὶν.
729 1544 857 1603 cap.
885 1519 962 1603 8)
989 1546 1006 1579 ε
1041 1548 1068 1575 α
1096 1522 1365 1602 Quisquis
1392 1521 1663 1582 formator
1690 1521 1959 1585 Universi
1986 1520 2125 1595 suit,
2156 1523 2276 1583 sive

117 1627 230 1685 ille
280 1626 442 1687 Deus
482 1638 568 1687 est
605 1639 807 1708 potens
841 1629 1093 1687 omnium
1113 1670 1131 1701 ,
1180 1630 1300 1687 sive
1346 1628 1710 1708 incorporalis
1750 1628 1916 1691 Ratio
1961 1628 2277 1709 ingentium

118 1752 378 1812 operum
409 1732 612 1793 artifex
631 1776 648 1807 ‚
682 1735 802 1793 sive
831 1732 1058 1793 divinus
1095 1732 1341 1813 Spiritus
1374 1754 1479 1815 per
1510 1734 1701 1799 omnia
1733 1735 2008 1795 intensuS.
2058 1760 2085 1785 »ι
2134 1732 2275 1793 Pro-

117 1837 282 1897 fecto
303 1836 422 1909 haec
447 1841 594 1901 ratio
621 1850 706 1899 est
729 1841 882 1900 Deus
901 1884 918 1915 ,
951 1853 1050 1901 aut
1074 1841 1182 1901 Dei
1201 1841 1405 1900 melior
1424 1862 1555 1921 pars
1582 1864 1599 1899 ε
1628 1850 1684 1901 et
1704 1842 1751 1900 si
1775 1842 1873 1901 illa
1892 1842 2229 1921 incorporea
2254 1866 2269 1911 ;

119 1969 235 2005 cur
257 1968 376 2007 non
405 1947 608 2008 Fatum
630 1991 648 2022 ,
683 1948 1082 2025 Providentia,
1107 1948 1341 2009 Justitia
1364 1950 1473 2009 Dei
1502 1962 1561 2009 et
1590 1950 1913 2031 Sapientia,
1944 1960 2001 2008 et
2028 1948 2276 2029 denique

119 2056 256 2134 ipsa
285 2054 346 2113 in
375 2056 540 2117 nobis
569 2054 742 2115 Ratio
763 2100 778 2131 ‚
815 2078 946 2138 pars
978 2054 1164 2116 illius?
1196 2056 1314 2118 Vix
1342 2057 1545 2137 opinor
1568 2055 1673 2115 hoc
1698 2056 1883 2117 Stoice
1900 2100 1918 2129 ,
1950 2055 2053 2115 sed
2082 2058 2272 2135 potius

121 2161 422 2221 Platonice
453 2161 669 2223 dictiun
703 2186 720 2221 ε
757 2177 858 2224 aut
886 2164 933 2222 si
963 2176 1079 2235 est,
1115 2164 1351 2223 seorsim
1382 2186 1415 2222 a
1447 2162 1574 2223 Deo
1607 2176 1665 2222 et
1694 2163 1767 2221 ab
1794 2164 1938 2244 Igne
1967 2184 2093 2223 eam
2120 2184 2273 2221 nunc

119 2269 334 2349 aspicit
363 2281 420 2329 et
445 2269 639 2328 avellit
655 2313 673 2342 ,
707 2291 822 2329 non
857 2271 994 2329 alibi
1025 2271 1255 2329 factum.
1289 2269 1459 2328 Certe
1488 2269 1659 2328 Ratio
1686 2269 1889 2329 ‘Prima
1926 2267 2117 2328 Causa
2140 2281 2227 2328 est
2244 2313 2261 2340 ‚

119 2387 304 2455 atque
337 2393 404 2432 ea
447 2375 636 2454 palam
677 2375 896 2454 Corpus
937 2373 1021 2435 illi
1056 2373 1227 2440 dicta.
1277 2373 1383 2432 Est
1410 2387 1469 2433 et
1494 2374 1721 2433 axioma
1746 2373 1947 2436 Stoicis
1972 2385 2201 2434 ‚certum
2247 2398 2264 2432 x

127 2511 160 2535 ι.
193 2481 380 2540 Omne
430 2479 606 2560 quod·
641 2491 726 2539 est
749 2523 765 2553 ,
801 2501 1160 2559 essecorpus
1191 2505 1220 2532 ν»
1277 2504 1292 2537 =
1341 2501 1415 2540 an
1454 2501 1571 2538 non
1623 2481 1791 2540 Ratio
1836 2492 1925 2539 est
1937 2479 1966 2537 2¹
2008 2479 2264 2540 Laertius

119 2586 270 2667 (lib.
303 2582 454 2667 XV)
487 2609 505 2642 ε
559 2611 586 2638 «ι
621 2584 838 2664 Corpus
885 2597 971 2643 est
1010 2586 1174 2663 juxta
1215 2584 1367 2665 ipsos
1411 2585 1693 2644 Essentia.
1738 2611 1765 2638 »ι
1807 2586 2078 2645 Numenii
2122 2585 2269 2646 liber

124 2695 333 2752 citatur
372 2692 445 2751 ab
484 2689 732 2751 Eusebio
763 2715 780 2749 :
819 2717 847 2745 «
887 2690 1057 2766 Quod
1097 2713 1212 2750 non
1253 2693 1326 2750 sit
1372 2693 1588 2772 Corpus
1636 2692 1917 2774 quidquid
1960 2706 2073 2768 est,
2102 2695 2263 2774 juxta

125 2797 342 2856 Stoicos
366 2823 392 2850 n
424 2820 445 2855 z.
465 2797 566 2858 uhi
592 2818 688 2858 eos
717 2797 932 2858 scilicet
957 2796 1242 2858 refutavit.
1279 2797 1395 2858 Sed
1420 2810 1479 2858 et
1502 2798 1884 2860 Tertullianus
1913 2813 2126 2874 noster,
2154 2800 2262 2861 hoc
2285 2839 2289 2846 ·

126 2904 352 2964 illorum
376 2903 639 2984 dogmate
667 2903 938 2977 imbutus,
969 2903 1232 2988 Animam
1249 2948 1266 2978 ‚
1299 2905 1545 2988 Angelos
1564 2903 1795 2980 ,Deum
1824 2927 2061 2986 corpora
2082 2906 2216 2966 facit
2240 2931 2273 2968 ε.

133 3023 192 3070 et
217 3011 345 3068 alibi
370 3011 636 3069 universe
662 3011 860 3070 scribit
884 3009 996 3091 (De
1019 3011 1203 3071 Carne
1227 3010 1496 3094 Christi),
1526 3010 1767 3074 «Omne
1790 3010 1943 3092 quod
1973 3025 2091 3085 est,
2118 3012 2261 3072 Cor-
2332 2992 2334 2994 .

130 3139 239 3199 pus
277 3128 358 3176 est
397 3119 483 3176 sui
517 3118 743 3199 generis
778 3141 796 3176 ε
845 3115 987 3175 nihil
1019 3129 1104 3175 est
1145 3117 1507 3198 Incorporale
1526 3162 1545 3192 ,
1578 3119 1689 3178 nisi
1720 3118 1879 3200 quod
1914 3141 2031 3178 non
2076 3131 2181 3179 est.
2227 3146 2255 3172 »

132 3225 258 3298 Quo
285 3243 450 3282 sensu
480 3223 830 3306 Augustinus
861 3243 991 3282 eum
1038 3235 1274 3282 excusat
1319 3223 1393 3283 de
1426 3223 1551 3282 Deo
1577 3237 1647 3282 et·
1660 3225 2207 3307 Angeliscorporeis,
2237 3250 2256 3284 ε

131 3331 264 3412 quia
295 3357 320 3384 κ
339 3331 574 3391 timebat
595 3375 612 3405 ,
647 3332 834 3412 inquit
858 3329 991 3412 (De
1015 3328 1228 3390 Genesi
1256 3330 1330 3390 ad
1356 3330 1441 3389 lit.
1480 3353 1531 3388 c.
1568 3331 1673 3389 ult.
1692 3329 1747 3412 ),
1774 3353 1847 3390 ne
1871 3331 2015 3392 nihil
2035 3345 2255 3407 essent,

132 3438 180 3497 si
203 3437 440 3518 Corpora
461 3459 577 3496 non
603 3449 811 3497 essent.
847 3464 874 3491 »ι
902 3437 1104 3520 Neque
1130 3436 1445 3498 Stoicorum
1466 3459 1613 3498 nova
1637 3437 1765 3506 haec,
1774 3440 2049 3519 opinatio.
2083 3441 2261 3502 Prisci
2276 3481 2289 3492 ·

131 3543 354 3626 quidam
382 3543 847 3626 philosophorum
875 3543 1154 3626 (Platone
1179 3557 1324 3606 teste
1355 3547 1415 3609 in
1446 3544 1745 3627 Sophista')
1764 3547 1992 3610 aiebant
2027 3546 2261 3608 «Junii-

133 3653 294 3725 tiam,
327 3651 723 3726 Prudentiam,
767 3653 1022 3732 itemque
1060 3654 1341 3712 contraria
1362 3695 1378 3726 ‚
1417 3665 1516 3712 aut
1546 3645 1937 3713 mmmmm..
1958 3675 2089 3736 qum
2124 3666 2269 3714 sunt·

133 3778 284 3831 esse,
315 3769 408 3816 aut
435 3779 674 3839 corpora
702 3778 847 3817 esse.
891 3783 918 3811 »v
953 3759 1098 3818 Tam
1124 3760 1244 3818 lata·
1279 3761 1455 3842 igitur
1482 3761 1589 3820 hac
1630 3761 2253 3844 significatione‚.quid

133 3866 326 3924 mirere
355 3863 503 3923 dicta
533 3887 568 3923 a
593 3865 762 3924 nohis
788 3865 980 3924 omnia
1011 3865 1459 3947 comprehendi?
1480 3867 1641 3928 Am).
1676 3867 1833 3926 Cedo
1860 3865 2127 3947 equidem
2150 3909 2169 3937 ‚
2196 3876 2254 3924 et

137 3973 316 4030 donoz
344 3971 446 4052 ⁵sed
477 3973 833 4052 quod-injeci
867 3972 1072 4054 ecquid
1101 3973 1443 4034 solvis?Ubi
1477 3977 1628 4034 enim
1662 3976 1991 4054 incorporea
2011 4015 2027 4044 ‚
2058 3971 2169 4030 nisi
2192 3972 2253 4030 in

136 4077 414 4158 imagine?
462 4077 619 4140 Lm.
669 4079 796 4140 Non
827 4079 936 4140 hoc
966 4101 1133 4140 cense
1158 4104 1172 4151 ;
1205 4093 1339 4140 sunt
1373 4083 1561 4162 reipsa
1589 4079 1847 4161 quaedam
1868 4123 1884 4153 ,
1918 4092 1975 4140 et
2002 4079 2260 4161 reperie-
