2667 4475
478 332 966 404 PanloL.
1019 332 1523 404 s‘rolcon.
1576 335 1770 405 Lm.
1823 330 1973 402 111.
2162 336 2299 433 669
2383 442 2401 455 ὀ

143 478 367 557 quitur.
395 475 536 552 Quis
561 477 620 537 in
649 476 784 535 caelo
807 476 922 537 iter
934 478 1106 537 maris
1127 477 1312 538 vidit?
1342 480 1471 559 quis
1490 480 1687 539 attritu
1714 477 1974 560 lapidum
1998 480 2301 541 scintillam

141 584 377 643 latentis
391 586 538 665 ignis
560 582 846 645 excussit?
866 584 995 665 quis
1013 596 1318 665 potestates
1337 586 1605 667 cognovit
1620 583 1973 645 herbarum?
1994 587 2087 645 cui
2106 607 2169 646 se
2188 598 2306 647 tota

142 702 354 750 natura
369 690 696 750 Divinitatis
717 689 997 763 ostendit,
1034 703 1092 751 et
1121 689 1410 772 prodidit,
1444 693 1557 751 nisi
1587 693 1797 752 Animo
1814 736 1831 767 ,
1864 694 1964 773 qui
1996 714 2069 753 ex
2101 695 2307 754 caelesti

143 808 237 855 est
269 797 400 877 igne
427 794 758 877 profectus?
789 794 924 879 Ipse
953 810 1248 879 computos
1281 796 1547 873 tradidit,
1580 797 1702 879 ipse
1733 798 1877 859 Solis
1907 822 1973 859 ac
2001 800 2205 873 Lunae,
2242 824 2308 861 ac

141 902 437 961 stellarum
460 924 656 962 cursus
675 945 692 976 ,
721 921 1012 985 regressus
1031 946 1048 977 ,
1079 902 1348 963 stationes
1368 946 1385 977 ,
1416 904 1715 965 societates
1732 947 1751 979 ,
1782 917 2090 988 augmenta
2104 949 2120 980 ,
2152 917 2309 990 ortus

141 1026 498 1090 occasusque
525 1010 861 1070 monstravit
887 1032 904 1068 ε
935 1021 993 1069 et
1017 1010 1077 1067 in
1101 1008 1407 1092 fragilitate
1428 1012 1639 1070 terreni
1658 1012 1918 1093 corporis
1940 1013 2307 1087 constitutus,

140 1115 313 1174 brevi
339 1116 648 1195 majestatis
669 1110 789 1175 'suae
818 1114 1213 1176 recordatione
1230 1160 1248 1189 ,
1284 1114 1403 1175 haec
1433 1118 1625 1176 omnia
1657 1129 1724 1176 ut
1750 1117 2004 1178 traderet
2018 1160 2035 1191 ,
2070 1139 2186 1177 non
2216 1118 2313 1178 di·-

143 1218 291 1279 dicit
306 1263 324 1292 ,
356 1218 460 1280 sed
491 1222 745 1303 agnovit.
775 1246 804 1273 n
829 1219 1010 1283 Vides
1034 1220 1328 1282 Platonica
1350 1220 1473 1282 liaec
1502 1240 1626 1283 esse
1655 1246 1671 1282 ε
1699 1244 1809 1283 nec
1837 1244 1943 1305 ego
1974 1224 2145 1284 video
2166 1225 2309 1306 quid

139 1324 357 1407 (posito
379 1326 477 1385 illo
502 1328 790 1407 principio
810 1324 1084 1410 originis)
1111 1328 1292 1409 possit
1311 1326 1543 1387 obduci.
1570 1328 1911 1389 Meminisse
1938 1330 2113 1411 igitur
2149 1330 2309 1410 prio-
2414 1354 2421 1359 ·

141 1454 278 1491 rum
299 1432 705 1493 concludamus
726 1477 743 1505 ‚
774 1444 834 1492 et
853 1434 980 1493 sine
1001 1456 1270 1495 sensuum
1295 1447 1395 1493 aut
1415 1434 1924 1494 instrumentorum
1944 1456 2118 1516 opera
2136 1436 2303 1496 scire.

139 1538 460 1619 'Dionysius
487 1538 972 1599 Halicarnassaeus
1001 1540 1173 1600 etiam
1202 1561 1406 1601 curare
1436 1562 1539 1599 nos
1568 1554 1626 1601 et
1653 1554 1845 1601 nostra
1873 1543 2109 1601 Animas
2138 1542 2307 1615 facit,

144 1658 320 1726 atque
354 1647 498 1707 adeo
523 1658 658 1706 vota
687 1647 978 1728 suscipere
1005 1666 1112 1728 pro
1141 1646 1328 1706 nobis.
1370 1669 1387 1705 ε
1426 1672 1455 1700 α
1481 1646 1673 1728 Siquis
1706 1646 1868 1726 loeus
1909 1638 2147 1708 Animas
2180 1670 2311 1708 corb
2406 1674 2413 1685 ·

143 1774 287 1833 porc
334 1755 545 1813 solutas
579 1754 828 1834 excipiat
837 1776 860 1844 j
904 1775 1020 1812 non
1051 1750 1150 1813 ille
1179 1751 1582 1813 subterraneus
1612 1765 1711 1814 aut
1743 1752 2086 1837 caliginosus
2114 1772 2303 1813 meam

143 1861 364 1941 capiet,
385 1880 494 1919 nec
517 1859 834 1920 Oblivionis
858 1861 960 1941 qui
989 1860 1200 1920 dicitur
1219 1880 1490 1941 campus,
1520 1860 1627 1921 sed
1645 1860 1743 1919 ille
1765 1860 2027 1923 sublimis
2050 1874 2108 1921 et
2129 1883 2309 1942 purus

141 1966 344 2026 AEther
359 2012 376 2040 ‚
411 1968 470 2025 in
501 1989 616 2048 quo
645 1966 904 2027 Deorum
933 1966 1080 2025 filios
1118 1977 1176 2027 et
1211 1964 1437 2026 Heroas
1464 1980 1723 2048 ponunt3
1757 1969 1967 2051 quibus
1998 1970 2095 2029 illa
2131 1970 2311 2052 pieta-

141 2088 264 2133 tem
293 2086 452 2133 tuam
483 2073 846 2135 renunciabit
859 2118 876 2148 ,
910 2086 967 2133 et
996 2074 1234 2156 gratiam
1273 2074 1385 2133 sibi
1416 2072 1811 2156 honoremque
1841 2074 2101 2135 habitum
2123 2119 2140 2147 ‚
2170 2098 2310 2157 pro—

140 2202 261 2262 que
291 2181 360 2240 iis
393 2201 622 2266 semper
651 2203 686 2240 a
717 2181 844 2242 Diis
871 2192 1033 2264 petet
1059 2178 1389 2241 mercedem
1430 2181 1535 2240 tibi
1582 2194 1640 2242 et
1679 2182 1949 2264 praeclara
1990 2183 2241 2264 praemia.
2274 2207 2303 2234 n

135 2291 282 2362 Quae
311 2301 596 2368 postrema
620 2330 638 2361 ,
672 2289 801 2369 quis
833 2287 1046 2347 abnuet
1095 2287 1170 2346 ad
1213 2287 1355 2346 scita
1396 2288 1689 2368 religionis
1729 2301 1935 2350 nostrae
1979 2287 2145 2348 esse?
2186 2287 2305 2348 Nec

131 2395 294 2454 ultra
330 2393 527 2453 insisto
545 2437 562 2467 ‚
593 2395 730 2474 quia
764 2393 990 2454 Senecae
1018 2393 1138 2453 haec
1167 2394 1302 2454 alibi
1331 2395 1562 2452 intacta.

757 2655 1421 2718 DISSERTATIO
1480 2653 1675 2718 XVI.

424 2889 636 2950 Dim‘a'o
664 2886 896 2949 Anima
933 2887 1228 2957 Varronis,
1267 2899 1323 2947 et
1353 2910 1423 2949 ea
1452 2889 1693 2949 breviter
1714 2889 2027 2968 explicata.

225 3131 430 3194 hun-vr
457 3135 628 3192 etiam
655 3133 1005 3209 Quaesfiones
1035 3153 1208 3215 super
1232 3134 1442 3192 Animo
1460 3177 1476 3206 ,
1510 3155 1653 3214 quas
1684 3135 1809 3216 ipse
1832 3135 2127 3215 proposuit
2152 3157 2169 3193 ε
2195 3136 2303 3196 alia

139 3264 327 3328 pauca
346 3285 362 3316 ,
409 3241 592 3323 magis
635 3239 973 3300 illustrando
998 3284 1015 3313 ‚
1063 3238 1271 3300 dicam.
1322 3241 1565 3300 Animus
1609 3241 1715 3300 etsi
1754 3239 2038 3300 uniforme
2072 3240 2212 3322 quid
2248 3256 2304 3302 et

135 3347 389 3429 simplex
415 3359 534 3418 est,
563 3359 752 3406 tamen
783 3347 985 3407 Partes
1009 3343 1130 3428 (sic
1160 3343 1332 3405 Stoici
1376 3358 1435 3405 et
1473 3345 1745 3404 Platonici
1772 3343 2138 3430 appellant);
2182 3349 2302 3407 sive

135 3453 206 3515 F
201 3453 473 3514 adultates
499 3453 783 3536 (δυνάμεις
825 3452 1185 3535 Aristoteli);
1219 3453 1341 3514 sive
1362 3497 1379 3526 ,
1417 3465 1479 3512 ut
1516 3455 1655 3513 scite
1684 3453 1871 3513 Varro
1903 3452 2081 3536 (quid
2110 3468 2300 3516 autem

135 3561 240 3621 ille
277 3582 392 3618 non
431 3557 650 3639 scite?)
687 3559 916 3620 Gradus
946 3561 1241 3621 distinctos
1274 3559 1555 3640 quosdam
1584 3557 1778 3620 habet.
1824 3559 1948 3620 Hos
1992 3560 2089 3620 alii
2128 3575 2300 3646 atque

137 3669 240 3729 alii
275 3667 438 3727 aliter
466 3664 730 3726 dividunt
756 3689 772 3724 ε
797 3663 982 3727 Varro
1012 3666 1123 3726 hoc
1151 3667 1345 3727 modo.
1382 3666 1573 3749 Digna
1605 3666 1759 3726 enim
1791 3668 1964 3728 verba
1994 3670 2116 3748 ejus
2139 3667 2297 3739 dari,

133 3797 267 3859 quae
305 3773 594 3858 Hipponis
637 3773 868 3832 antistes
915 3773 1076 3832 libris
1117 3775 1235 3833 suis
1276 3773 1633 3856 consignavit
1652 3817 1669 3848 ,
1708 3786 1766 3834 et
1805 3774 2159 3834 conservavit
2187 3772 2299 3855 (de

134 3883 311 3945 Civit.
344 3883 456 3942 Dei
481 3879 638 3956 VII,
673 3903 728 3940 c.
761 3875 875 3961 23)
907 3901 924 3938 ε
961 3905 989 3932 «ι
1018 3877 1203 3940 Varro
1229 3881 1288 3939 in
1315 3881 1511 3955 libris,
1544 3879 1619 3941 de
1670 3880 1831 3956 Diis,
1865 3881 2087 3939 selectis
2111 3925 2129 3954 ,
2181 3894 2295 3940 tres

135 4011 265 4052 esse
299 3993 538 4051 affirmat
568 3989 786 4049 Animae
813 3984 1074 4059 Gradus,
1108 3986 1167 4044 in
1195 3987 1353 4046 omni
1382 3989 1765 4070 universaque
1792 3987 2027 4046 Natura.
2060 3987 2289 4062 Unum,
2356 3973 2369 3982 ⁶

134 4101 239 4180 qui
261 4119 458 4160 omnes
485 4111 674 4179 partes
706 4096 958 4178 corporis
978 4137 995 4170 ‚
1019 4115 1143 4174 quae
1173 4094 1375 4154 vivunt
1395 4138 1412 4168 ‚
1446 4096 1648 4156 transit
1664 4138 1680 4168 ‚
1714 4107 1771 4155 et
1800 4115 1917 4155 non
1948 4093 2121 4156 habet
2143 4093 2297 4155 Sen-
