2667 4475
767 285 1296 357 EPISTOLA
1345 286 1633 355 cxlv,
2133 290 2263 383 273

119 424 282 493 bum
303 472 325 505 ‚
371 416 560 513 quod
584 440 726 487 non
755 440 1020 487 omnem
1049 416 1242 485 illum
1273 432 1672 510 apparatum
1696 439 1827 511 per
1848 418 2076 511 gulam
2098 442 2269 487 ven-

121 557 441 631 tremque
489 536 924 620 transmittit,
979 534 1164 627 quod
1213 558 1351 601 non
1402 558 1557 602 eum
1592 536 1777 601 omni
1801 545 1819 581 ¹
1855 535 2271 604 exoletorum

126 653 674 742 feminarumque
700 649 904 717 turba
929 648 1439 734 convolutamr3
1475 663 1843 742 moeretque
1858 700 1879 733 ,
1918 649 2101 742 quod
2130 674 2273 719 ma-

130 792 262 862 gna
279 790 448 861 pars
463 790 602 835 suae
622 764 960 833 felicitatis
973 813 997 852 ,
1019 761 1286 833 exclusa
1306 767 1615 859 corporis
1631 768 1965 861 angustiis
1979 816 1998 849 ,
2026 783 2265 835 cessat.

129 882 483 975 Numquid
519 883 702 951 enim
724 931 743 965 ‚
775 881 869 949 mi
903 880 1273 964 Lucili‚·in
1313 882 1447 951 hoe
1476 882 1668 951 furor
1700 906 1841 951 non
1866 899 1968 951 est
1988 888 2013 917 ²
2035 932 2055 966 ,
2091 880 2279 975 quod

131 1024 332 1069 nemo
358 1014 668 1067 nostrum
703 997 1052 1065 mortalem
1079 1020 1152 1065 se
1187 998 1489 1091 cogitat?
1524 999 1707 1090 quod
1737 1023 1935 1068 nemo
1973 1000 2281 1068 imbecil-

130 1113 326 1182 lum?
363 1114 504 1181 imo
555 1112 629 1179 in
661 1110 821 1193 illo,
873 1104 1106 1203 quod³
1146 1133 1343 1179 nemo
1386 1127 1691 1181 nostrum
1728 1136 1941 1181 unum
1998 1136 2143 1181 esse
2201 1136 2277 1181 se

133 1230 436 1325 cogitat?
455 1224 748 1321 Adspice
773 1227 1032 1295 culinas
1051 1243 1316 1295 nostras
1335 1278 1354 1308 ‚
1380 1243 1451 1296 et
1476 1245 1951 1299 concursantes
1973 1230 2156 1297 inter
2184 1244 2283 1299 tot

137 1348 334 1441 ignes
382 1367 639 1436 coquos
657 1337 684 1388 ⁴
734 1368 751 1408 z
793 1366 1007 1411 unum
1043 1340 1266 1411 videri
1312 1358 1510 1435 putas
1544 1358 1850 1412 ventrem
1868 1394 1887 1428 ‚
1932 1348 2045 1413 cui
2098 1362 2283 1416 tanto

137 1458 432 1526 tumultu
465 1470 896 1548 comparatur
922 1454 1169 1522 cibus?
1195 1452 1489 1547 Adspice
1516 1472 1837 1543 veterana
1860 1474 2087 1526 noan-a
2108 1453 2133 1495 ⁵
2148 1509 2173 1546 ‚
2216 1475 2287 1528 οι
2334 1460 2398 1511 25
2500 1457 2523 1511 “.

136 1575 338 1669 plena
349 1572 718 1641 multorum
739 1568 1139 1639 saeculorum
1155 1568 1521 1639 vindemiis
1539 1570 1789 1641 horrea
1815 1598 1831 1640 :
1856 1598 2067 1642 unum
2086 1592 2289 1669 putas

136 1688 359 1759 videri
390 1702 702 1756 ventrem
719 1737 738 1771 ‚
773 1688 888 1755 eui
920 1702 1020 1754 tot
1045 1686 1392 1755 consulum
1429 1688 1921 1782 regionumque
1952 1690 2111 1758 vina
2136 1690 2286 1759 clu-

139 1799 444 1875 duntur-⁶
464 1807 496 1873 i>
522 1804 852 1898 Adspice,
888 1818 1054 1897 quot
1077 1803 1244 1872 locis
1274 1819 1580 1873 vertatur
1615 1821 1829 1889 terra,
1871 1824 2038 1900 quot
2074 1807 2289 1878 millia

140 1920 536 1993 colonorum
567 1936 802 2003 arent,
841 1919 1145 2006 fodiant3
1183 1945 1399 1991 unum
1431 1920 1652 1993 videri
1690 1938 1885 2017 putas
1927 1940 2235 1993 ventrem
2256 1974 2283 2010 ,

139 2041 248 2107 eui
283 2054 358 2107 et
401 2039 478 2105 in
509 2036 778 2121 Sicilia,
831 2051 903 2103 et
945 2036 1022 2104 in
1070 2036 1304 2106 Africa
1348 2039 1648 2107 seritur?
1688 2041 1850 2108 Sani
1882 2043 2177 2127 erimus,
2218 2057 2288 2109 et
2336 2048 2400 2103 26

140 2152 410 2223 modica
445 2154 997 2250 concupiscemus
1017 2203 1036 2237 ,
1089 2153 1147 2222 si
1185 2136 1663 2249 ’unusquisque
1703 2180 1775 2225 se
1825 2173 2137 2225 numeret
2156 2206 2175 2241 ,
2218 2172 2289 2225 et

140 2273 496 2366 metium-⁷
529 2270 732 2342 simul
759 2293 1005 2365 corpus
1019 2319 1044 2359 ,
1072 2271 1242 2340 sciat
1265 2265 1507 2363 quam⁸
1538 2295 1669 2340 nec
1692 2270 1977 2342 multum
1998 2297 2245 2367 capere
2258 2323 2280 2358 ‚

211 2563 252 2595 ι.
284 2543 454 2614 Quod
470 2562 708 2596 noncum
728 2543 889 2595 omni.
911 2541 1014 2596 Sic.
1042 2561 1097 2595 a.
1123 2559 1166 2594 c.
1262 2541 1488 2601 lemn-ia,
1524 2541 1665 2610 qnod
1698 2539 1850 2592 babet
1872 2559 1965 2592 ms.
1996 2561 2050 2592 a.
2075 2553 2124 2592 et
2158 2540 2286 2594 olim

145 2623 212 2674 A.
235 2622 432 2675 Aberat
453 2620 610 2694 vulgo
630 2622 773 2692 quod
787 2619 836 2673 h.
853 2619 888 2673 l.
907 2619 1067 2673 Schw.
1265 2618 1379 2678 edd.
1392 2619 1527 2670 exR.
1543 2617 1852 2671 S.—Horat.
1865 2617 1965 2684 ΙΙΙ,
1978 2619 2284 2684 0d.xxvln,

207 2719 253 2750 2.
273 2698 350 2750 In
375 2697 633 2771 ἧσε-[ανον
655 2718 758 2750 non
783 2710 875 2752 est.
893 2699 1168 2772 Pei-peram
1265 2716 1294 2766 7
1319 2713 1333 2748 ε
1354 2720 1381 2744 α
1406 2695 1573 2749 Parcis
1600 2695 1825 2769 deripere
1849 2695 2036 2750 horreo
2059 2697 2287 2750 Cessen-

145 2777 302 2852 vnlgo
319 2776 576 2849 kiesut-or
599 2786 682 2830 est
716 2795 733 2828 .-
763 2775 852 2828 sed
885 2777 942 2828 in
963 2775 1055 2827 boc
1075 2774 1170 2827 de·-
1261 2789 1367 2829 tem
1380 2774 1554 2828 Bibuli
1573 2774 1793 2828 consulis
1817 2773 2128 2849 amphoram.
2144 2797 2174 2823 ιο

145 2855 260 2907 dere
279 2867 407 2908 vett.
436 2855 556 2908 libri
581 2873 782 2918 omnes;
803 2852 1046 2927 particula
1066 2873 1170 2906 non
1329 2853 1381 2908 6.
1424 2855 1713 2906 Consulum
1748 2857 2113 2924 regionumque
2158 2859 2289 2909 vina

144 2946 313 2986 sutem
326 2972 352 3002 ,ο
373 2951 488 3004 quo
502 2933 638 2986 deest
656 2931 793 2996 aliis,
821 2944 954 2985 recte
975 2929 1166 3002 adjecta
1263 2933 1555 2986 cluduntur.
1586 2934 1666 2985 lts
1700 2949 1877 2984 omnes
1910 2950 2028 2984 mss.
2058 2945 2107 2986 et
2135 2933 2291 3002 Edd..

147 3025 248 3065 erat
263 3012 320 3063 in
340 3009 424 3062 ed.
443 3011 511 3061 Α.
533 3024 580 3064 et
596 3029 713 3062 mss.
731 3009 839 3061 Pal.
859 3029 889 3062 2
903 3047 919 3069 ,
941 3008 973 3060 3
989 3021 1040 3061 et
1055 3008 1168 3062 Col.
1265 3021 1597 3080 pratel-quam
1638 3009 1779 3079 quoti
1816 3027 1949 3060 unus
1989 3007 2135 3062 Pinc.
2172 3013 2289 3067 cod.

147 3088 512 3158 nonnullisque
541 3087 782 3141 Pincisni
811 3086 1089 3140 codicibus.
1113 3084 1171 3138 S.
1265 3085 1482 3138 habebat
1504 3103 1519 3137 z
1540 3094 1617 3138 tot
1634 3087 1908 3138 dirrutum
1930 3107 1972 3138 r.
1995 3105 2046 3139 v.
2062 3089 2291 3141 condun-

209 3167 258 3218 3.
299 3169 428 3220 Imo
463 3169 520 3218 in
551 3169 646 3219 5110
664 3201 680 3230 ‚
718 3167 892 3235 quod,
939 3176 1034 3218 ete.
1084 3163 1172 3217 Sic
1265 3175 1371 3228 tur,
1396 3163 1533 3216 unde
1553 3163 1783 3214 Muretus
1805 3161 2178 3219 heusitteditio
2204 3188 2289 3222 ve·

146 3265 272 3299 unns
309 3245 501 3320 probus
541 3246 654 3298 cod.
684 3242 831 3297 Pinc.
877 3243 1028 3296 Nnde
1066 3245 1172 3296 imo
1265 3253 1347 3294 tus
1370 3252 1565 3312 prestat
1590 3259 1606 3294 ι
1634 3249 1710 3292 tot
1729 3241 2004 3293 climtum
2035 3262 2079 3296 r.
2106 3263 2157 3295 v.
2183 3249 2289 3299 clu-

148 3327 288 3393 quod
295 3323 414 3378 edd.
427 3323 550 3376 inde
565 3323 628 3376 eb
642 3323 836 3374 Εηεω.
849 3323 906 3373 ίη
918 3324 1014 3374 illo
1026 3323 1172 3390 quod
1265 3325 1477 3375 duntur.
1493 3321 1676 3374 Ruhk.

149 3401 374 3472 (absque
408 3403 553 3470 t'mo)
577 3414 593 3454 t
615 3421 668 3454 a.
693 3399 766 3452 R.
797 3403 855 3451 in
883 3401 978 3452 tuo
1005 3403 1168 3452 etiam
1331 3424 1380 3472 7.
1400 3401 1480 3454 Et
1494 3405 1759 3454 metiatur.
1789 3401 1877 3454 Sic
1896 3422 1939 3456 c.
1963 3403 2034 3455 A.
2067 3403 2223 3458 Abest
2240 3417 2315 3460 et·

148 3483 303 3549 quod.
325 3478 489 3533 Scbw.
1267 3479 1382 3533 edd.
1404 3500 1464 3533 ex
1482 3479 1554 3533 R.
1574 3493 1624 3533 et
1644 3499 1761 3536 mss.
1776 3501 1830 3532 a.
1849 3479 2010 3535 Scbw.

212 3561 261 3626 4.
281 3559 500 3630 Coquos.
523 3556 714 3630 Vulgg.
732 3556 850 3610 ead:
862 3573 1048 3626 coquos
1064 3575 1170 3608 no-
1331 3559 1381 3612 8.
1398 3557 1548 3612 Sciat
1561 3579 1725 3628 quam
1739 3598 1755 3624 ,
1780 3579 1889 3613 non
1905 3563 2155 3631 sciatque,
2172 3561 2297 3615 dent

150 3648 282 3690 serus
305 3658 367 3690 ex
389 3636 462 3690 R.
495 3638 582 3690 sed
619 3646 824 3690 nostroe
849 3648 982 3688 recte
1007 3635 1170 3709 igno·
1267 3658 1320 3690 a.
1345 3657 1387 3690 c.
1424 3639 1495 3692 A.
1526 3657 1621 3711 pro
1652 3659 1755 3710 quo
1778 3640 1955 3692 vitiose
1977 3643 2115 3694 sciat
2140 3659 2298 3709 quem

151 3729 264 3768 rant
280 3737 390 3772 ωε.
407 3717 482 3771 A.
500 3715 663 3770 δάιον.
1271 3713 1507 3768 scribitur
1539 3715 1596 3768 in
1629 3716 1703 3768 R.
1739 3716 1976 3788 Denique
1999 3719 2171 3785 possit
2188 3736 2299 3770 non

211 3795 258 3847 5.
277 3795 548 3850 Veterum
564 3806 744 3848 nostra
758 3831 775 3860 ,
801 3813 868 3848 sc.
885 3792 1080 3846 horres.
1094 3792 1176 3846 Ex
1267 3814 1425 3865 posse
1443 3832 1458 3860 ,
1489 3815 1541 3849 a.
1575 3815 1617 3848 c.
1654 3796 1725 3849 A.
1761 3795 1923 3852 Schoe.
1940 3823 2009 3836 —
2028 3796 2128 3847 Int.
2161 3795 2301 3848 Sciat

153 3873 264 3926 eod.
281 3875 396 3928 eod.
419 3875 562 3928 Pinc-
578 3873 682 3926 hoc
699 3873 995 3948 probaverat
1011 3872 1178 3924 Gron.
1273 3890 1427 3942 quem
1452 3891 1626 3944 perum
1654 3891 1829 3945 capere
1863 3873 2047 3948 possit,
2076 3885 2127 3926 et
2146 3892 2299 3943 quam

155 3963 202 4004 et
223 3953 480 4026 adoptavit
513 3950 684 4005 Ruhk.
716 3949 1062 4003 consentiente
1083 3968 1179 4002 ms.
1275 3969 1431 4022 parvo
1454 3963 1679 4023 tempore
1695 3990 1711 4019 ,
1738 3951 1878 4021 quod
1904 3950 2034 4028 cepit
2050 3989 2067 4016 ‚
2104 3967 2301 4004 servare

153 4045 194 4080 c.
209 4042 258 4082 et
274 4031 357 4084 ed.
376 4032 446 4082 Α.
463 4029 574 4084 Nec
593 4047 714 4082 vero
734 4026 1076 4102 spernendum
1095 4047 1181 4082 ve-
1277 4028 1451 4098 possit.
