2667 4475
674 293 735 362 E
782 294 1139 364 LIBRIS
1184 293 1639 366 SENECAE.
2169 298 2319 393 439.-

164 423 309 514 pitu
354 441 595 519 portus
615 473 635 508 ‚
676 447 817 496 non
867 424 1071 496 unius
1123 425 1445 496 comitatu
1496 426 1800 518 inquieta
1842 443 1998 502 sunt
2040 426 2290 498 littora.

160 541 308 609 Non
330 544 721 612 circumstat
750 540 944 608 illum
966 539 1169 608 turba
1195 541 1544 610 hominum
1563 589 1584 625 ‚
1616 539 1706 610 ad
1732 565 1900 634 quos
1925 543 2316 636 pascendos.

163 662 759 732 transmarinarum
810 658 1169 752 regionum
1205 657 1501 752 optanda
1536 674 1638 726 est
1679 657 2014 728 fertilitas.
2066 661 2300 730 Facile

162 790 260 843 est
302 802 580 872 pascere
624 800 879 871 paucos
922 791 1232 860 ventres,
1274 792 1344 844 et
1379 774 1556 842 bene
1599 775 1939 846 institutos
1958 827 1981 863 ,
2019 793 2090 846 et
2120 776 2312 847 nihil·

158 889 339 962 aliud
368 892 837 966 desiderantes
870 915 1077 982 quam
1119 890 1418 984 impleri.
1463 891 1680 958 Parvo
1729 889 1935 962 fames
1982 907 2246 961 constat
2269 941 2294 978 ,

156 1021 399 1099 magno
458 1005 829 1076 fastidium.
886 1005 1259 1098 Paupertas
1300 1017 1618 1076 contenta
1652 1019 1755 1072 est
1787 1000 2147 1074 desideriis
2183 1006 2296 1076 in-

154 1124 483 1194 stantibus
504 1122 919 1194 satisfacere.
950 1123 1171 1192 Sanus
1198 1119 1390 1190 dives
1419 1136 1558 1202 est,
1591 1121 1707 1214 qui
1735 1120 1901 1191 licet
1922 1121 2170 1194 habeat
2188 1121 2300 1194 di-

154 1237 371 1326 vitias,
397 1263 514 1308 eas
538 1254 765 1310 tamen
790 1253 869 1306 ut
888 1239 1228 1330 fugientes
1248 1237 1481 1311 habet.
1510 1235 1702 1331 Quid
1722 1260 1888 1334 ergo
1911 1254 2050 1325 est,
2081 1263 2296 1332 quare

152 1373 421 1430 recuses
466 1379 617 1424 mm
671 1353 1229 1424 contubernalem
1258 1403 1279 1437 ,
1334 1353 1530 1446 cujus
1580 1375 1800 1422 mores
1849 1377 2050 1422 sanus
2105 1354 2296 1424 dives

148 1466 495 1540 imitatur?
536 1472 612 1542 si
666 1472 771 1540 vis
812 1494 1056 1540 vacare
1086 1471 1356 1554 animo,
1399 1485 1520 1538 ant
1549 1493 1813 1564 pauper
1855 1471 1947 1538 sis
1984 1486 2312 1564 oportet,⁸

146 1603 259 1656 ant
282 1591 571 1684 pauper-i
596 1589 865 1670 similis.
894 1591 1049 1658 Non
1076 1604 1298 1684 potest
1322 1587 1624 1658 studium
1650 1587 1943 1658 salutare
1969 1589 2123 1658 fieri
2143 1589 2295 1658 sine

144 1701 552 1799 frugalitatis
600 1729 791 1776 cura.
846 1703 1234 1798 Frugalitas
1254 1754 1277 1786 ,
1324 1719 1693 1798 ,paupertas
1736 1704 2119 1774 voluntaria
2158 1720 2284 1772 est.

140 1820 455 1916 Perpessi
502 1834 661 1892 sunt
702 1820 1047 1892 multoties
1090 1821 1430 1890 exercitus
1482 1823 1783 1913 inopiam
1832 1823 2130 1891 omnium
2177 1844 2291 1890 re-

142 1961 291 2008 rum
312 1987 335 2020 ‚
372 1940 693 2008 vixerunt
730 1935 1101 2008 herbarum
1140 1937 1528 2019 radicibus,
1570 1953 1640 2006 et
1676 1937 1864 2006 dictu
1899 1936 2140 2006 foedam
2179 1952 2294 2006 tu-

142 2052 371 2126 lerunt
403 2056 688 2140 famem3
730 2071 800 2123 et
837 2054 991 2124 haec
1040 2055 1268 2124 omnia
1318 2055 1624 2147 perpessi
1669 2070 1828 2124 sunt
1867 2079 1992 2147 pro
2029 2078 2242 2148 regno
2263 2105 2284 2138 ,

140 2191 273 2260 quo
304 2171 525 2265 magis
548 2170 819 2242 mireris
840 2219 859 2253 ‚
895 2168 1181 2239 alienon

230 2288 595 2359 Dubitabit
621 2286 873 2379 aliquis
903 2286 1086 2355 ferre
1124 2300 1626 2379 paupertatem,
1665 2299 1742 2353 ut
1775 2286 2072 2353 animum
2107 2309 2146 2353 a
2182 2286 2288 2355 fu·-

139 2402 409 2471 roribus
437 2401 736 2471 liberet?
764 2399 1001 2469 Multis
1019 2450 1042 2485 ‚
1083 2397 1353 2469 divitias
1377 2422 1650 2492 parasse
1670 2448 1690 2479 ,
1733 2421 1868 2465 non
1899 2399 2057 2469 finis
2086 2400 2286 2467 mise-

139 2514 391 2583 riarum
424 2516 591 2603 fuit,
634 2514 755 2585 sed
788 2515 1096 2583 mutatio.
1135 2516 1281 2581 Nec
1312 2512 1446 2580 hoc
1482 2514 1715 2579 miror.
1765 2514 1919 2580 Non
1965 2513 2037 2581 in
2077 2512 2284 2581 rebus

134 2630 373 2697 vitium
398 2678 417 2711 ,
468 2628 697 2697 sedin
733 2629 959 2695 animo
1006 2628 1154 2719 ipso
1194 2639 1321 2693 est.
1365 2623 1547 2692 Illud
1591 2624 1777 2717 quod
1811 2643 2279 2719 paupertatem

133 2768 411 2835 gravem
438 2746 637 2815 nobis
664 2745 957 2827 fecerat,
992 2756 1065 2810 et
1092 2742 1364 2810 divitias
1397 2765 1638 2835 graves
1667 2741 1896 2809 faciet.
1930 2742 2279 2835 Quemad-

130 2861 405 2931 modum
438 2861 617 2931 nihil
648 2861 895 2947 refert,
928 2876 1156 2929 utrum
1186 2882 1446 2953 aegrum
1475 2860 1549 2926 iu
1577 2858 1753 2927 lecto
1780 2858 2010 2955 ligneo
2031 2912 2054 2947 ,
2088 2887 2174 2930 an
2205 2863 2279 2932 in

128 3002 339 3051 aureo
376 2977 705 3065 colloces3
752 3000 1182 3071 quocumque
1214 2974 1410 3045 illum
1457 2976 1884 3044 transtuleris
1903 3027 1926 3063 ,
1966 2978 2295 3049 morbum.

128 3118 323 3163 suum
352 3118 581 3165 secum
607 3093 968 3163 transferet
1000 3118 1017 3161 t
1051 3094 1150 3163 sic
1174 3092 1354 3163 nihil
1381 3092 1640 3181 refert,
1667 3109 1896 3165 utrum
1921 3118 2104 3187 aeger
2127 3098 2278 3165 ani-

124 3236 281 3281 mus
318 3214 389 3281 in
424 3212 725 3297 divitiis,
766 3211 957 3281 auin
993 3226 1394 3307 paupertate
1422 3212 1549 3297 sit3
1582 3212 1832 3283 malum
1861 3237 2056 3285 suum
2083 3214 2300 3286 illum.

126 3330 463 3421 sequitur.
518 3328 630 3398 Ad
680 3330 1107 3399 securitatem
1152 3352 1289 3396 non
1345 3344 1449 3399 est
1501 3353 1672 3421 opus
1722 3329 2018 3400 fortuna.
2067 3332 2288 3427 Quod.

128 3446 313 3515 enim
340 3448 727 3518 necessitati
766 3462 870 3515 sat
902 3462 1039 3529 est,
1082 3445 1313 3530 dabit,
1354 3445 1515 3514 licet
1540 3448 1740 3517 irata.
1776 3450 1882 3517 Ne
1909 3451 2296 3545 imparatos·

130 3586 257 3631 uos
281 3563 549 3633 fortuna
580 3561 1090 3657 deprehendat,
1124 3563 1245 3631 fiat
1278 3562 1480 3633 nobis
1505 3582 1862 3659 paupertas
1895 3568 2266 3640 familiaris.

130 3678 453 3753 Securius
488 3680 733 3751 divites
777 3680 1031 3748 erimus
1054 3729 1073 3763 ,
1120 3682 1177 3748 si
1220 3681 1511 3751 sciemus
1552 3703 1753 3775 quam
1792 3708 1928 3753 non
1957 3688 2042 3754 sit
2068 3710 2274 3779 grave

212 3930 250 3962 ι.
276 3911 397 3963 Post
412 3910 519 3965 haec
546 3912 727 3973 verba,
762 3912 817 3963 in
836 3911 998 3963 'veteri
1026 3910 1155 3965 libro
1256 3912 1358 3965 duo
1383 3934 1550 3967 versus
1572 3931 1586 3966 z
1614 3938 1640 3961 ιι
1660 3914 1833 3968 Rebus
1857 3917 1910 3968 iu
1935 3916 2151 3971 adversis
2183 3922 2270 3970 fa-

136 3990 400 4063 Lugduni,
425 3992 553 4064 apud
573 3990 755 4065 sulpit.
772 3990 1021 4063 sapidum
1037 4010 1157 4043 ann.
1256 3992 1350 4043 tile
1377 4004 1448 4044 est
1483 4006 1808 4046 contemnere
1844 3995 2000 4047 vitam
2021 4012 2036 4055 ;
2069 3994 2268 4049 Fortius

138 4068 209 4121 D.
242 4068 367 4133 1543
396 4068 533 4123 edito
552 4068 791 4143 leguntur
816 4068 1065 4125 notissimi
1100 4069 1155 4123 hi
1256 4068 1342 4125 ille
1361 4070 1478 4125 facit
1495 4111 1510 4135 ,
1533 4070 1628 4143 qui
1653 4070 1806 4125 miser
1827 4090 1930 4125 esse
1951 4084 2123 4143 potest.
2141 4094 2168 4121 υ
