2667 4475
407 342 895 411 PflYsloL.
947 340 1443 416 sTolcoR.
1501 306 1690 413 LI'B.
1746 344 1889 412 111.
2082 348 2215 415 635

738 554 1363 617 DISSERTATIO
1418 556 1553 619 111.

489 698 680 761 Nosce
703 701 942 780 {absum
961 746 978 770 ‚
1007 696 1249 780 hoc-fine
1269 702 1483 763 utiliter
1516 701 1776 763 edicmm.

151 844 279 903 Su>
319 844 454 903 alibi
500 847 670 905 etiam
703 844 777 904 de
807 843 916 903 hac
948 846 1274 926 praestantia
1298 890 1315 917 ,
1354 867 1533 927 quum
1581 843 1653 904 de
1686 845 1893 905 Animo
1922 844 2183 905 videmus
2222 870 2239 904 ε

75 972 244 1010 nunc
264 994 282 1025 ,
316 948 470 1032 quod
499 951 783 1033 praemisi,
807 948 978 1010 homo
1011 952 1222 1010 eminet
1245 994 1261 1023 ‚
1289 960 1346 1009 et
1380 950 1567 1009 Deum
1600 952 1660 1010 in
1690 964 1849 1033 parte
1868 950 2076 1024 refert,
2108 952 2241 1033 quia

71 1058 236 1117 solus
269 1058 508 1139 cupiens
537 1058 904 1118 scientiarum
931 1101 948 1132 ,
983 1068 1042 1116 et
1071 1078 1272 1139 capax.
1315 1084 1343 1109 «ι
1370 1056 1441 1115 In
1466 1068 1624 1115 tanta
1654 1060 2029 1119 animantium
2054 1059 2245 1118 varie-

68 1178 194 1225 tate
221 1208 240 1237 ,
277 1166 360 1225 ait
392 1165 591 1225 Cicero
620 1162 714 1247 (II
749 1164 928 1225 Acad.
955 1166 1016 1225 in
1041 1164 1270 1247 Fragm.
1291 1163 1318 1247 )
1337 1207 1356 1238 ,
1386 1164 1601 1223 homini
1631 1164 1737 1223 soli
1760 1166 2045 1247 cupiditas
2074 1168 2245 1248 inge-

75 1284 286 1331 nerata
316 1282 402 1330 est
420 1272 759 1353 cognitionis
781 1283 838 1331 et
861 1273 1129 1330 scientiae.
1159 1296 1187 1323 t·
1224 1270 1363 1331 Ideo
1390 1272 1517 1350 jure
1546 1282 1686 1349 φῶτα
1705 1315 1724 1345 ,
1748 1269 1807 1330 id
1838 1285 1955 1345 est,
1990 1270 2206 1332 Lumen
2224 1317 2238 1341 ‚

77 1376 280 1437 Graeci
315 1376 585 1437 dixerunt
616 1402 633 1435 ε
669 1379 804 1457 quia
833 1376 955 1435 odit
977 1378 1308 1459 ignorantiae
1333 1376 1600 1465 tenebras
1626 1420 1643 1449 ,
1669 1398 1836 1435 nosse
1869 1390 1927 1436 et
1954 1388 2251 1436 notescere

79 1486 248 1557 vult,
282 1486 427 1544 scire
458 1497 515 1543 et
543 1484 692 1544 sciri.
731 1486 944 1565 Atquin
974 1496 1105 1543 ante
1138 1505 1334 1544 omnes
1367 1484 1635 1554 scientias
1657 1527 1673 1556 ‚
1704 1504 1819 1543 una
1850 1486 1903 1544 ei
1936 1484 2251 1545 necessaria

79 1594 196 1651 sui.
242 1592 310 1654 In
319 1591 440 1651 sera
472 1614 537 1650 ac
569 1584 778 1673 supera
807 1604 1058 1651 scrutare
1087 1616 1104 1663 ς

803 1743 981 1759 ......
1012 1707 1082 1756 nil
1105 1706 1194 1756 tibi
1218 1706 1417 1775 prodest

424 1799 587 1849 Aerias
610 1803 814 1849 tentasse
840 1798 1014 1848 domos
1032 1836 1047 1857 ,
1074 1798 1337 1865 animoque
1356 1794 1659 1865 profimdum

431 1891 724 1940 Percurriue
746 1890 920 1958 polum
939 1926 956 1950 ‚
979 1888 1075 1938 hoc
1095 1889 1188 1937 nini
1211 1888 1362 1937 noris.

88 1994 232 2057 Huc
265 2008 322 2055 te
359 2010 518 2057 verte
549 2040 566 2070 ,
626 1996 699 2055 ad
733 2008 789 2055 te
811 2040 827 2068 ‚
880 1997 1134 2076 inquam.
1171 1994 1387 2055 Seneca
1416 2006 1611 2053 noster
1635 1994 1906 2076 (Consol.
1954 1996 2029 2055 ad
2069 1996 2253 2057 Marc.

91 2126 230 2184 cap.
272 2122 295 2162 1
313 2122 336 2162 1
361 2101 388 2185 )
425 2126 440 2161 =
479 2130 506 2156 α
535 2104 662 2163 Hoc
695 2104 858 2182 jubet
884 2102 983 2161 illa
1015 2100 1265 2183 Pythicis
1296 2102 1539 2161 oraculis
1580 2100 1865 2183 adscripta
1894 2124 2005 2189 νος(
2025 2145 2042 2176 ,
2074 2102 2260 2163 Nosce

68 2222 172 2271 te.
187 2238 220 2264 ι»
247 2210 380 2271 Vox
397 2212 602 2271 merito
626 2208 914 2291 adscripta
934 2208 1180 2280 oraculis
1206 2231 1222 2267 ε
1253 2220 1311 2268 et
1331 2230 1457 2288 quoe
1486 2230 1521 2267 a
1542 2207 1670 2267 Deo
1700 2221 1785 2268 est
1800 2252 1817 2281 ,
1844 2221 1942 2271 aut
1970 2220 2123 2270 certe
2144 2232 2259 2272 non

91 2321 228 2378 sine
249 2319 396 2378 Deo.
425 2319 516 2376 Ab
545 2319 672 2396 ipso
697 2336 820 2376 csse
838 2360 856 2389 ,
882 2316 1100 2374 indicat
1123 2315 1342 2375 Seneca
1368 2337 1385 2372 ε
1421 2325 1479 2372 et
1501 2313 1597 2372 alii
1620 2315 1759 2373 item
1796 2315 1995 2376 volunt
2012 2359 2029 2389 ‚
2064 2343 2091 2370 α
2122 2317 2265 2376 Chi-

91 2427 226 2484 loni
257 2424 480 2504 roganti
506 2466 523 2494 ,
557 2422 714 2502 quod
755 2423 1034 2502 optimum
1067 2419 1262 2480 esset?
1293 2440 1634 2501 responsum
1678 2419 1789 2479 hoc
1836 2423 1911 2482 ab
1953 2423 2219 2504 Apolline
2246 2469 2262 2498 ,

99 2539 274 2594 Γνῶθι
311 2531 490 2591 ἑαυτὸν
529 2549 546 2584 =
580 2528 766 2587 Nosce
791 2540 850 2586 te
881 2529 1027 2608 ipse.
1059 2553 1087 2582 ιο
1112 2523 1483 2608 (Porphyr.)
1510 2527 1623 2586 Alii
1652 2540 1845 2588 tamen
1868 2527 2225 2590 Phemonoes
2246 2577 2260 2601 ‚

101 2640 206 2698 alii
265 2635 618 2698 Phanotheoe
636 2656 660 2704 ‚·
707 2633 942 2715 quidam
989 2631 1279 2702 Thaletis,
1333 2631 1563 2694 Blantz's
1584 2681 1597 2702 .
1650 2647 1751 2695 aut
1810 2633 2065 2696 Chilonis
2096 2639 2265 2697 etiam

101 2767 310 2804 vocem
341 2741 646 2802 affirmant.
683 2741 1104 2822 cujuscumque
1125 2782 1144 2813 ,
1181 2741 1371 2799 emisit
1398 2740 1556 2802 Deus
1582 2786 1597 2814 ,
1634 2755 1733 2802 aut
1763 2745 1998 2804 immisit
2033 2767 2049 2803 ε

454 2898 468 2911 .
487 2895 534 2913 ..
551 2897 563 2912 .
585 2897 599 2911 .
617 2895 631 2910 .
657 2879 686 2911 e
705 2859 836 2910 Gnlo
857 2857 1109 2908 descendit
1129 2858 1264 2921 7280·
1293 2859 1505 2912 σεαυτόν.

111 2963 192 3024 Et
222 2977 442 3026 constat
473 2985 610 3024 sane
655 2964 988 3044 inscriptum
1027 2961 1204 3022 fuisse
1233 2962 1293 3022 in
1325 2963 1609 3023 vestibulo
1653 2976 1825 3046 atque
1866 2965 2027 3025 aditu
2070 2968 2271 3048 templi

113 3073 430 3156 Delphici,
475 3084 607 3130 ante
647 3073 774 3151 ipsa
813 3075 1205 3155 περιῤῥαπήρια
1233 3114 1248 3142 ,
1279 3071 1379 3130 ubi
1432 3072 1741 3153 ingressuri
1793 3091 1857 3130 se
1900 3073 2275 3154 aspetgebant

116 3193 220 3240 aut
247 3180 517 3240 lavabant
548 3203 564 3236 ε
595 3199 710 3240 una
741 3199 872 3238 cum
904 3179 1058 3238 dicto
1086 3179 1264 3242 altero
1293 3182 1469 3244 mei-⁴
1504 3183 1637 3260 ἄγαν
1655 3221 1672 3253 ,
1709 3201 1777 3238 ne
1803 3181 1943 3260 quz'd
1966 3181 2135 3240 nimis·
2154 3177 2273 3262 (Ex

121 3287 402 3368 Porphyr.
425 3285 452 3368 )
479 3286 780 3367 Conspirat
831 3286 984 3344 enim
1013 3295 1324 3363 utrumque
1348 3325 1364 3356 ‚
1400 3285 1481 3342 ait
1512 3283 1847 3344 Plutarchus
1877 3283 2152 3366 (Consol.
2202 3287 2273 3346 ad

121 3391 434 3476 Apellen.)
481 3415 496 3450 =
551 3405 610 3452 et
657 3395 719 3452 in
769 3391 868 3452 illo
910 3393 1018 3451 hoc
1059 3391 1385 3450 continetur
1406 3432 1422 3462 ‚
1469 3411 1535 3450 ac
1576 3383 1854 3452 modestia
1900 3395 2229 3476 praecipitur
2255 3439 2271 3466 ‚

123 3515 188 3560 ut
213 3504 330 3581 jam
360 3500 601 3560 videbis.
647 3501 740 3560 Ad
784 3519 1014 3560 sensum
1057 3500 1212 3558 enim
1247 3499 1387 3557 dicti
1428 3501 1597 3558 venio
1622 3545 1639 3572 ,
1672 3503 1864 3583 magni
1891 3546 1907 3575 ‚
1952 3502 2115 3563 ardui
2144 3548 2161 3578 ‚
2222 3516 2281 3562 et

127 3609 282 3688 quod
319 3611 516 3692 legant
553 3608 672 3667 sive
721 3607 956 3666 audiant
996 3605 1158 3666 multi
1190 3651 1206 3679 ,
1243 3628 1359 3665 non
1394 3606 1717 3688 intelligant
1744 3631 1758 3679 ;
1790 3631 1899 3670 nec
1932 3612 2031 3690 qui
2058 3609 2280 3669 intelli-

131 3729 270 3800 gunt
294 3761 311 3789 ,
340 3727 624 3797 praestent.
664 3713 806 3772 Nam
827 3758 846 3786 ‚
881 3725 945 3771 ut
974 3713 1078 3772 Ion
1108 3725 1274 3794 poeta
1295 3757 1311 3786 ,

456 3833 524 3884 Τδ
550 3831 688 3895 γνόθι
715 3829 886 3881 cuuth
905 3867 919 3890 ,
938 3827 1068 3880 τοῦτ’
1085 3827 1200 3888 ἔπος
1225 3830 1304 3895 μὶν
1332 3829 1387 3880 οὗ
1412 3829 1524 3895 μίγα
1544 3868 1557 3892 ,

457 3910 609 3992 ἔργον
629 3921 792 3974 δ’ὅσον
815 3922 928 3982 Ζεὺς
950 3918 1086 3987 μόνος
1111 3921 1357 3972 lationem
1386 3921 1527 3972 θιότ·

464 4039 578 4087 flac
603 4039 759 4088 Nosce
777 4037 988 4104 teipsum
1009 4071 1023 4096 ,
1049 4033 1251 4102 quidem
1273 4041 1347 4084 est
1368 4033 1524 4084 brevis
1547 4071 1561 4095 ‚

371 4195 378 4200 .
463 4127 562 4185 Sed
583 4135 716 4180 tanta
740 4146 814 4179 res
829 4165 846 4189 ,
865 4145 1014 4196 quam
1037 4127 1228 4195 Jupiter
1252 4125 1382 4178 aolus
1404 4125 1540 4176 sciat.
