2667 4475
414 370 910 440 PHYSIOL.
965 370 1463 443 STOICOR.
1512 375 1703 445 LIB.
1753 372 1857 439 II.
2077 372 2211 439 555

65 530 262 599 taque
289 560 312 592 ,
346 518 432 577 mi
453 514 696 576 Auditor
713 556 730 588 ‚
761 536 878 575 non
903 534 1078 575 avoca
1107 526 1165 574 te
1201 538 1232 573 a
1266 528 1381 575 tam
1398 516 1632 576 salutari
1653 512 2021 575 meditatione
2048 534 2065 570 ε
2090 513 2215 593 ipse

65 627 248 684 »otius
281 646 360 685 eo
391 624 548 685 veni.
590 648 620 677 κ
641 622 848 683 Junior
879 640 938 681 es
961 664 978 695 ‚
1023 620 1166 702 quid
1195 620 1411 683 refert?
1452 642 1567 682 non
1598 622 2031 683 dinumerantur
2054 620 2211 679 anni.

66 743 360 791 ncertum
389 741 508 803 est,
534 748 656 809 quo
683 740 742 787 te
763 727 893 785 loco
913 748 1068 787 mors
1093 739 1359 807 expectet
1385 750 1403 787 ε
1428 729 1621 810 itaque
1648 740 1715 787 tu
1734 725 1894 786 illam
1913 725 2071 785 omni
2089 724 2215 784 loeo

65 848 332 917 zxpeeta.
363 862 394 889 n
426 834 600 917 (Seu.
625 833 739 915 Ep.
767 853 912 895 xxv.
931 831 958 914 )
978 832 1341 913 Philosophia
1358 844 1549 893 autem
1566 878 1583 909 ‚
1610 846 1677 893 ut
1694 835 1889 916 tetigi,
1912 853 1981 891 eo
2011 830 2214 903 ducet,

65 956 104 1003 et
139 942 306 1003 hanc
333 930 768 1003 meditationem
787 984 806 1014 ‚
839 952 896 999 et
921 939 996 999 ab
1025 960 1092 999 ea
1113 940 1314 1011 robur,
1340 941 1531 999 animo
1550 950 1651 999 tuo
1674 939 1853 999 iudet.
1886 938 2037 999 Am).
2064 936 2219 1012 Quin

66 1074 114 1109 u
146 1050 362 1132 igitur,
393 1049 474 1109 mi
502 1048 740 1121 Boccor,
769 1068 942 1129 porro
969 1068 1064 1107 me
1091 1045 1168 1106 ad
1193 1045 1393 1105 illam?
1422 1044 1569 1107 Nam
1596 1045 1805 1105 ducere
1823 1045 2045 1125 eoepisfi
2066 1086 2083 1117 ,
2114 1042 2221 1103 sed

68 1180 112 1215 n
151 1157 255 1215 via
297 1157 474 1217 etiam
507 1154 834 1215 destituisti.
867 1154 1024 1215 Lus.
1057 1151 1298 1213 Morbus
1323 1150 1463 1213 fecit
1480 1196 1499 1226 ‚
1518 1151 1694 1243 *quod
1720 1173 1839 1210 non
1866 1153 2093 1233 ignoras
2118 1174 2135 1209 ε
2162 1162 2221 1209 et

66 1285 219 1323 mne
239 1305 258 1340 2
293 1263 404 1323 etsi
430 1261 586 1323 haud
613 1262 968 1323 firmissimus
985 1304 1004 1335 ,
1036 1273 1230 1321 tamen
1257 1270 1509 1341 eoeptum
1536 1258 1783 1339 spatium
1802 1269 1995 1317 tecum
2013 1256 2221 1317 decur-

65 1393 184 1431 ram
203 1414 224 1445 ,
257 1382 322 1430 et
349 1368 536 1451 (Deus
565 1367 805 1449 annuet)
837 1369 912 1429 ad
941 1367 1248 1429 candidam
1273 1366 1491 1427 calcem
1520 1366 1735 1425 sistam.

755 1562 1390 1637 DISSERTATIO
1453 1563 1543 1623 ΙΙ.

65 1716 330 1777 Materia
344 1718 534 1797 pn'ma
550 1764 564 1787 ,
593 1718 830 1808 alterurn
851 1714 1198 1795 Principium
1217 1762 1230 1786 ,
1259 1716 1539 1796 descripta
1549 1736 1575 1786 ,·
1594 1712 1888 1775 AEtemam
1910 1734 2061 1785 esse5
2088 1710 2161 1772 N
2154 1734 2226 1772 on

610 1824 832 1902 auger-1⁶,
860 1844 970 1883 non
998 1824 1212 1895 minui‚·
1236 1820 1374 1883 Non
1395 1825 1529 1883 item
1546 1824 1691 1902 pati.

152 2002 494 2064 nmmum
537 2004 714 2085 igitur
760 2015 894 2063 ante
927 2024 1031 2063 sex
1073 2024 1301 2065 menses
1342 2001 1533 2087 (hanc
1566 2000 2226 2083 comperendinationem

66 2108 348 2171 valetudo
375 2106 571 2190 dedit)
609 2110 723 2171 duo
759 2132 884 2171 esse
913 2110 1118 2171 Stoicis
1147 2132 1341 2171 rerum
1370 2110 1657 2191 Principia
1678 2152 1697 2182 ‚
1728 2108 1919 2168 Deum
1946 2120 2006 2167 et
2031 2107 2230 2167 Mate-

66 2220 246 2283 riam.
279 2216 372 2282 De
413 2217 512 2280 illo
533 2260 551 2290 ‚
587 2216 746 2298 quod
771 2217 968 2292 licuit,
999 2217 1252 2279 diximus
1285 2241 1302 2276 ε
1335 2214 1454 2277 haec
1479 2213 1835 2297 pervidenda
1864 2226 1984 2287 est,
2016 2224 2077 2273 et
2102 2232 2227 2293 quae

67 2348 154 2386 ex
195 2326 266 2385 iis
315 2326 474 2388 fiant.
527 2323 830 2386 Materiam
875 2327 958 2384 ita
1004 2325 1256 2386 notificat
1306 2320 1565 2388 Laertius
1606 2321 1703 2402 (In
1740 2317 1940 2400 Zen.),
1972 2341 2046 2378 ex
2074 2319 2230 2378 scitis

71 2409 398 2502 Stoicorum
427 2451 444 2484 ε
463 2455 514 2499 ,α
543 2426 864 2491 Essentiam
892 2430 1014 2488 sive
1054 2441 1314 2491 naturam
1333 2470 1353 2500 ,
1386 2431 1643 2488 omnium
1668 2447 1794 2507 quae
1822 2436 1958 2486 sunt
1980 2426 2225 2506 primam

69 2545 340 2599 statuunt
353 2577 370 2608 ,
401 2532 724 2595 Materiam..
757 2535 1006 2596 Materia
1035 2547 1226 2596 autem
1256 2547 1343 2594 est
1364 2577 1381 2608 ,
1416 2555 1491 2596 ex
1518 2555 1633 2616 qua
1660 2531 1945 2622 quidlibet
1984 2532 2230 2592 confici—

77 2659 199 2708 tur.
260 2641 578 2724 Dupliciter
625 2655 816 2705 autem
859 2642 1068 2704 dieitur
1117 2654 1175 2703 et
1222 2640 1485 2702 Essentia
1508 2686 1527 2716 ,
1580 2654 1639 2703 et
1686 2641 1933 2702 Materia
1963 2665 1979 2713 ;
2020 2661 2231 2722 nempe

77 2751 354 2812 Omnium
369 2793 386 2824 ,
433 2761 492 2810 et
526 2746 910 2832 Singulorum.
959 2749 1066 2810 Illa
1099 2751 1359 2810 omnium
1380 2793 1399 2823 ,
1443 2750 1564 2810 sive
1600 2749 1955 2810 Universalis
1981 2793 1999 2824 ,
2041 2770 2232 2830 neque

79 2859 289 2924 erescit
304 2899 320 2932 ,
364 2878 554 2938 neque
602 2855 881 2916 decrescit
906 2878 924 2913 z
973 2856 1072 2916 illa
1119 2856 1484 2916 Particularia
1522 2868 1721 2916 contra
1746 2899 1763 2930 ,
1814 2869 2119 2939 augmenta
2174 2868 2235 2915 et

85 2965 444 3024 decrementa
469 2963 658 3029 habet.
687 2960 908 3046 Corpus
927 2975 1120 3024 autem
1139 2975 1224 3023 est
1243 3007 1259 3036 ,
1285 2961 1601 3024 secumdum
1619 2961 1835 3023 Stoicos
1855 3006 1873 3037 ,
1902 2975 2073 3045 atque
2094 2963 2233 3022 item

91 3071 268 3130 finita.
298 3069 400 3134 Est
425 3081 488 3130 et
523 3069 774 3152 patibilis
797 3092 812 3140 ;
837 3091 974 3130 nam
1010 3072 1060 3130 si
1087 3070 1457 3130 immutabilis
1473 3095 1491 3143 ;
1524 3092 1641 3130 non
1687 3092 1755 3131 ea
1788 3093 1913 3153 quae
1940 3072 2119 3144 fiunt,
2160 3089 2233 3130 ex

93 3200 164 3236 ea
197 3177 307 3236 sint
345 3174 511 3266 facta.
542 3176 697 3236 Hinc
725 3187 786 3236 et
813 3175 960 3238 illud
989 3197 1345 3258 consequens
1367 3221 1385 3249 ,
1430 3176 1586 3259 quod
1614 3179 1792 3238 sectio
1822 3177 1977 3238 illius
2004 3179 2067 3236 in
2095 3177 2236 3236 infi-

93 3284 273 3356 nitum
301 3281 376 3341 fit.
410 3283 487 3341 At
512 3305 630 3341 non
663 3283 848 3364 ipsam
884 3283 1164 3342 infinitam
1189 3326 1205 3355 ,
1241 3282 1597 3365 Chrysippus
1628 3283 1784 3344 dicit.
1818 3283 1946 3344 Non
1972 3285 2127 3356 enim
2152 3295 2238 3344 est

96 3389 233 3448 dare
267 3389 540 3450 infinitum
562 3433 580 3463 ‚
618 3390 680 3449 in
711 3389 871 3471 quod
911 3391 1086 3450 sectio
1115 3388 1301 3450 cadat.
1348 3388 1458 3450 Est
1480 3402 1673 3451 autem
1716 3393 2005 3452 continua.
2029 3418 2057 3445 n
2097 3391 2233 3451 Haec

98 3497 194 3556 ille
220 3495 400 3556 stricte
443 3509 499 3556 et
527 3498 834 3579 caliginose
859 3499 996 3560 alibi
1023 3521 1040 3558 ε
1066 3499 1202 3559 lieet
1231 3498 1465 3560 uberius
1492 3499 1816 3581 clariusque
1854 3500 2017 3560 nohis
2046 3501 2224 3560 effari.

101 3603 232 3676 Est,
260 3603 437 3684 inquit
455 3645 474 3676 ,
511 3627 540 3657 α
573 3604 759 3684 prima
785 3607 1048 3666 essentia.
1077 3631 1107 3659 n
1141 3605 1290 3666 Sane
1317 3607 1502 3687 prima
1536 3629 1552 3664 ε
1592 3605 1749 3666 unde
1769 3607 1981 3686 alioqui
2001 3607 2233 3665 Princi-

103 3711 253 3792 pium
275 3723 328 3770 et
344 3732 500 3791 aeque
519 3711 763 3790 primam
781 3723 1164 3793 aeternamque
1187 3735 1313 3772 eam
1334 3712 1579 3787 faciunt,
1606 3727 1778 3794 atque
1800 3715 1989 3795 ipsum
2012 3709 2225 3772 Deum.

105 3817 328 3876 Zenonis
370 3817 543 3876 verba
581 3803 808 3897 reperio
850 3814 960 3898 (In
1001 3817 1158 3878 Stob.
1198 3817 1467 3901 Physic.)
1500 3843 1515 3877 =
1558 3847 1586 3873 ιι
1612 3819 1935 3879 Essentiam
1980 3819 2233 3876 omnium
2312 3801 2320 3809 “

103 3918 280 3982 rerum
303 3923 540 4003 primam
563 3944 686 3996 esse
703 3967 722 3997 ‚
747 3923 1052 3984 Materiam
1086 3945 1103 3981 ε
1135 3936 1309 4006 atque
1340 3949 1471 3988 eam
1490 3939 1669 3988 totam
1697 3941 1963 3988 oeternam
1982 3947 2089 3984 nec
2111 3945 2237 3984 ma-

109 4031 272 4108 jorem
297 4049 396 4088 nec
438 4030 720 4090 minorem
765 4031 910 4090 fieri.
957 4057 984 4083 n
1017 4031 1154 4089 Haec
1185 4053 1469 4092 consensu
1509 4032 1631 4094 fere
1664 4047 1920 4094 veterum
1958 4032 2233 4091 doctrina.

110 4135 165 4209 Si
206 4137 340 4196 enim
379 4147 512 4198 nata
559 4134 820 4215 factaque
857 4137 1100 4197 Materia
1126 4181 1143 4208 ‚
1195 4159 1268 4197 ex
1299 4139 1492 4220 aliquo
1524 4139 1731 4200 saetam
1765 4160 2061 4204 necessum
2096 4148 2180 4197 est
2214 4160 2229 4197 ε
