2667 4475
342 276 430 342 88
907 278 986 343 L.
1037 274 1397 346 ANNAEI
1446 274 1891 356 SENECAE

337 408 614 478 brevem
649 430 796 477 esse
829 422 1128 501 oportet,
1167 430 1305 499 quo
1342 406 1605 477 facilius
1643 406 1732 475 ab
1768 407 2103 500 imperitis
2136 423 2481 481 teneatur.

339 526 543 595 Velut
591 526 834 594 emissa
883 524 1212 595 divinitus
1263 548 1393 593 vox
1444 526 1533 594 sit
1582 551 1599 592 :
1639 524 1880 617 jubeat
1900 575 1923 611 ,
1966 549 2108 601 non
2152 526 2483 621 disputet.

337 642 528 713 Nihil
579 640 855 710 videtur
899 642 1072 710 mihi
1119 640 1479 735 frigidius,
1527 642 1707 710 nihil
1746 643 2049 736 ineptius
2070 694 2091 727 ,
2134 669 2341 737 quam
2382 645 2494 713 lex

339 783 494 828 cum
528 757 812 853 prologo
837 760 886 825 ¹.
937 758 1144 825 Mone
1168 804 1188 839 ,
1232 755 1385 839 dic,
1438 756 1608 848 quid
1656 781 1769 827 me
1803 758 1977 828 velis
2016 757 2297 829 fecisse!
2348 785 2490 829 non

341 870 531 943 disco
558 926 577 963 ,
619 873 741 942 sed
774 896 1006 967 pareo.
1037 898 1070 937 >³
1120 873 1497 941 Proficiunt
1535 896 1702 943 vero
1724 878 1751 911 ²
1788 900 1805 940 z
1841 873 2072 967 itaque
2107 875 2304 945 malis
2340 900 2495 944 mo—

340 989 532 1058 ribus
555 980 580 1023 ³
636 989 740 1057 uti
777 987 1045 1058 videbis
1095 988 1400 1057 civitates
1455 1011 1610 1057 usas
1658 987 1853 1057 malis
1891 990 2181 1083 legibus.
2205 1028 2305 1044 ·—·
2340 1018 2373 1055 α
2398 990 2493 1059 At

339 1131 478 1179 non
493 1101 520 1153 ⁴
541 1104 725 1200 apud
745 1128 978 1174 omnes
1004 1102 1415 1198 proficiunt!
1442 1132 1475 1171 1>
1484 1107 1683 1177 -Ne
1706 1105 2142 1200 philosophia
2164 1106 2443 1200 quidem
2470 1136 2486 1175 :

340 1245 470 1291 nec
503 1220 658 1291 ideo
697 1220 984 1303 inutilis,
1025 1236 1096 1289 et
1122 1218 1493 1289 formandis
1520 1220 1766 1290 animis
1792 1222 2111 1292 inefficax
2132 1238 2239 1292 est
2271 1250 2287 1290 ε
2320 1222 2493 1317 quid

340 1354 564 1408 autem
599 1338 1082 1435 Philosophia,
1125 1338 1257 1406 nisi
1291 1339 1449 1405 vitas
1477 1336 1589 1405 lex
1613 1352 1717 1405 est
1737 1338 1768 1406 Ρ
1790 1337 1970 1423 sed,
2008 1356 2326 1433 putemus
2352 1365 2491 1409 non

342 1455 680 1547 proficere
707 1454 896 1548 leges
921 1484 940 1540 3
974 1478 1112 1522 non
1139 1452 1296 1522 ideo
1321 1455 1659 1547 sequitur,
1688 1470 1768 1523 ut
1792 1480 1883 1525 ne
1908 1458 2319 1527 monitiones
2340 1458 2496 1551 qui-

344 1571 498 1641 dem
531 1572 896 1665 proficiant
933 1598 948 1637 ε
981 1588 1098 1639 aut
1127 1572 1226 1639 sic
1253 1586 1320 1639 et
1350 1570 1845 1641 consolationes
1880 1596 2059 1667 nega
2096 1574 2445 1667 proficere
2468 1623 2487 1655 ‚

343 1686 936 1778 dissuasionesque
960 1735 981 1770 ,
1023 1702 1093 1755 et
1127 1684 1637 1755 adhortationes
1658 1738 1677 1771 ,
1724 1703 1794 1757 et
1829 1689 2345 1785 objurgationes
2363 1740 2383 1772 ,
2426 1704 2495 1757 et

342 1797 791 1867 laudationes.
816 1798 1106 1869 Omnia
1085 1813 1215 1865 ista
1235 1799 1683 1867 monitionum
1704 1825 1958 1895 genera
1985 1818 2179 1871 sunt·
2164 1826 2341 1897 ,per
2366 1803 2496 1871 ista

343 1916 430 1984 ad
459 1914 835 2008 perfectum
881 1915 1091 1983 animi
1137 1928 1379 1995 statum
1418 1918 1844 2012 pervenitur.
1886 1917 2095 1993 Nulla
2128 1942 2241 1989 res
2272 1918 2493 2011 magis

346 2034 592 2101 animis
619 2032 906 2100 honesta
937 2029 1236 2113 induit,
1183 2022 1206 2065 ⁵
1276 2028 1657 2122 dubiosque
1682 2046 1753 2103 et
1782 2033 1855 2101 in
1886 2040 2175 2126 pravum
2202 2034 2497 2103 inclina·

347 2151 520 2219 biles
544 2164 817 2218 revocat
839 2148 929 2219 ad
954 2162 1214 2217 rectum
1232 2196 1256 2233 ,
1287 2170 1493 2240 quam
1518 2147 1851 2217 bonorum
1878 2152 2183 2223 virorum
2212 2175 2499 2221 conver-2

347 2269 541 2339 satio,
586 2265 919 2336 Paulatim
955 2266 1140 2340 enim
1187 2263 1543 2334 descendit
1581 2266 1656 2332 in
1691 2281 2005 2358 pectora,
2046 2284 2115 2336 et
2142 2269 2284 2337 vim
2313 2292 2497 2361 prae-

345 2387 523 2479 cepti
581 2385 842 2454 obtinet
882 2437 902 2470 ,
969 2384 1369 2476 frequenter
1422 2381 1634 2472 aspici
1671 2431 1690 2465 ,
1764 2381 2161 2476 frequenter
2229 2382 2485 2452 audiri.

345 2503 685 2572 Occursus
731 2500 1157 2572 mehercules
1207 2501 1357 2592 ipse
1398 2497 1803 2592 sapientium
1828 2501 2067 2592 juvat3
2118 2515 2189 2568 et
2223 2515 2329 2569 est
2360 2499 2494 2567 ali-

347 2619 554 2711 quid,
590 2617 778 2711 quod
813 2645 896 2688 ex
929 2640 1175 2712 magno
1199 2617 1349 2684 viro
1377 2613 1487 2682 vel
1522 2629 1784 2686 tacente
1810 2617 2158 2711 proficias.
2194 2619 2343 2686 Nec
2368 2615 2497 2683 tibi

347 2735 544 2806 facile
581 2732 870 2806 dixerim
925 2729 1493 2826 quemadmodum
1538 2734 1803 2830 prosit,
1849 2737 2023 2804 sicut
2064 2731 2238 2802 illud
2294 2730 2497 2800 intel-

350 2897 526 2954 Schw.
549 2897 732 2991 incipit
753 2895 1064 2949 Posidonius
1083 2895 1256 2966 loqui:
1273 2895 1375 2948 ita-

1468 2893 1561 2948 bus
1578 2897 1842 2987 postremis
1854 2898 2035 2953 litteris
2052 2897 2355 2974 particulam
2368 2915 2492 2950 vero

351 2997 449 3048 que
481 2975 670 3048 adjecit
689 2993 748 3026 ex
773 2975 986 3046 conject.
1017 2975 1230 3026 verbum
1258 2977 1367 3039 ait,

1468 2973 1740 3046 suspicatus
1777 2995 1914 3028 eram
1941 2976 2109 3030 latere.
2142 2973 2316 3048 Vulgo
2350 2973 2492 3027 nude

350 3053 490 3126 quod
513 3053 650 3106 abent
669 3052 826 3106 libris.
857 3051 1110 3126 suspicari
1141 3071 1203 3123 po
1177 3064 1369 3115 oteras,

350 3131 550 3202 inquit,
590 3115 864 3184 delendam
899 3151 1078 3184 vocem
1117 3133 1284 3193 enim,
1324 3140 1375 3180 et

351 3207 457 3278 ejus
484 3208 598 3262 loeo
627 3209 924 3280 ponendum
952 3207 1162 3264 verbum
1192 3212 1287 3262 ait.
1308 3207 1371 3260 S.

351 3287 627 3341 —Omnia
664 3286 796 3340 fiunt
815 3289 1108 3362 perspicua,
1145 3287 1188 3342 si
1217 3288 1372 3343 verba

349 3365 622 3420 Posidonii
645 3364 890 3441 incipiant
909 3386 938 3419 a
958 3387 1059 3420 non
1074 3368 1252 3435 probo.

425 3445 592 3500 ulex
605 3465 722 3499 cum
728 3449 961 3518 prologo.
973 3445 1145 3510 Mane,
1161 3449 1262 3514 dic,
1280 3459 1373 3501 etc.

353 3523 442 3578 Sic
477 3523 633 3598 vulgo
670 3545 728 3578 ex
769 3525 980 3595 conject.
1006 3525 1221 3578 Erasini.
1247 3523 1373 3578 Lea·

350 3623 469 3657 cum
486 3607 854 3674 prolegomene.
877 3603 987 3657 Dic
1000 3617 1093 3658 etc.
1119 3623 1235 3656 mss.
1258 3625 1310 3656 a.
1325 3623 1370 3657 c.

353 3683 726 3754 prolegomene
749 3683 822 3734 R.
849 3682 921 3734 A.
943 3681 1318 3749 Prolegumene
1342 3701 1368 3733 e

351 3761 454 3815 suis
479 3759 651 3814 citavit
669 3759 818 3813 Grut-
841 3759 1002 3814 Schw.

419 3838 784 3910 2.Pmfic1'unt
807 3860 930 3893 vero
961 3837 1172 3911 (supple
1208 3841 1371 3909 lega,

356 3921 745 3995 qualescumque
780 3919 924 3986 sint).
963 3919 1048 3972 De
1079 3932 1246 3972 nostra
1275 3919 1375 3973 hoc

355 4002 644 4072 conjectura
687 4012 775 4054 est.
825 3999 1178 4069 Pmfice'untur
1223 3997 1375 4052 dabat

356 4101 656 4137 ms.a.cu1n
675 4079 782 4134 Pal.
807 4099 826 4130 ι
849 4113 866 4145 ,
884 4079 1008 4147 et4‚
1031 4075 1230 4129 ubisub
1253 4076 1373 4130 dua·

1468 3051 1795 3120 Proficiunt:
1817 3058 1997 3124 itaque
2010 3055 2173 3106 malls
2193 3053 2381 3106 morib.
2398 3065 2493 3104 etc.

1473 3128 1769 3202 Coniectare
1818 3131 1973 3184 etiam
2014 3142 2211 3203 poteras
2233 3169 2249 3198 ‚
2298 3128 2493 3182 conatis

1468 3208 1743 3280 praesertim
1781 3208 2101 3262 Gruter-ienis
2142 3206 2447 3262 lectionibus
2472 3244 2489 3273 ,

1466 3287 1759 3358 Proficiunt
1780 3293 1957 3360 ute‘que
1975 3305 1993 3338 .·
2020 3294 2225 3358 itaque,
2252 3299 2345 3341 etc.
2367 3286 2427 3340 S.

1534 3363 1581 3416 3.
1604 3366 1801 3437 Itaque
1832 3369 1997 3420 malis
2028 3367 2279 3420 moribus.
2316 3365 2491 3435 Itaque

1466 3440 1701 3498 videmus
1715 3445 1860 3498 malis
1876 3445 2107 3499 moribus
2118 3444 2192 3498 uti
2210 3463 2293 3496 eas
2303 3442 2493 3496 civita-

1469 3533 1563 3588 tes,
1586 3542 1699 3596 quae
1722 3525 1871 3579 malis
1896 3525 2097 3598 legibus
2114 3523 2403 3578 ntehantnr.
2420 3524 2493 3576 R.

1533 3605 1580 3670 4.
1607 3607 1686 3659 Ae
1712 3627 1903 3660 nom...
1928 3607 2222 3678 pmficc'unt.
2254 3602 2493 3674 objectio

1468 3703 1603 3738 nova
1638 3696 1711 3736 cst
1746 3683 2034 3738 Aristonis.
2020 3703 2033 3716 ·
2066 3683 2149 3736 cui
2186 3681 2497 3756 respondent

1472 3761 1602 3817 illa:
1628 3762 1711 3815 Ne
1729 3763 2107 3834 philosophia..
2126 3770 2227 3814 ese.
2219 3759 2246 3798 Ρ
2270 3757 2457 3810 Ruhk.

1536 3843 1585 3896 5.
1612 3841 1787 3896 Nulla
1806 3861 1887 3895 res
1917 3843 2091 3910 magis
2110 3839 2307 3891 am’me's
2330 3835 2497 3888 hone-

1471 3928 1558 3972 sta
1577 3921 1763 3972 indui&
1791 3919 1877 3972 Sic
1902 3936 1995 3970 ms.
2017 3938 2071 3968 a·
2098 3927 2155 3968 ut
2180 3914 2351 3984 vulgo.
2388 3909 2497 3964 sed

1468 4001 1678 4051 animos
1707 4017 1748 4050 c.
1771 3995 1844 4048 R.
1866 3997 1939 4048 Α.
1965 3995 2103 4047 unde
2131 4011 2247 4047 cum
2272 3991 2497 4043 Grutero

1471 4074 1743 4146 conjicias,
1758 4078 1965 4130 arianos
1984 4075 2193 4128 honesto
2212 4071 2398 4125 induit.
2412 4065 2483 4120 S
