<?xml version="1.0" encoding="UTF-8"?>
<!DOCTYPE html PUBLIC "-//W3C//DTD XHTML 1.0 Transitional//EN"
    "http://www.w3.org/TR/xhtml1/DTD/xhtml1-transitional.dtd">
<html xmlns="http://www.w3.org/1999/xhtml" xml:lang="en" lang="en">
 <head>
  <title>
</title>
<meta http-equiv="Content-Type" content="text/html;charset=utf-8" />
  <meta name='ocr-system' content='tesseract 3.04.00' />
  <meta name='ocr-capabilities' content='ocr_page ocr_carea ocr_par ocr_line ocrx_word'/>
</head>
<body>
  <div class='ocr_page' id='page_1' title='image "./lannaeisenecaeo04bouigoog_0170.png"; bbox 0 0 2667 4475; ppageno 0'>
   <div class='ocr_carea' id='block_1_1' title="bbox 134 270 2289 731">
    <p class='ocr_par' dir='ltr' id='par_1_1' title="bbox 134 270 2289 731">
     <span class='ocr_line' id='line_1_1' title="bbox 765 270 2289 375; baseline 0.007 -36"><span class='ocrx_word' id='word_1_1' title='bbox 765 270 1305 345; x_wconf 86' lang='lat' dir='ltr'><strong>EPISTOLA</strong></span> <span class='ocrx_word' id='word_1_2' title='bbox 1354 277 1647 347; x_wconf 86' lang='lat' dir='ltr'>XCIX.</span> <span class='ocrx_word' id='word_1_3' title='bbox 2156 284 2289 375; x_wconf 79' lang='lat'>¹59·</span> 
     </span>
     <span class='ocr_line' id='line_1_2' title="bbox 135 400 2275 506; baseline 0.004 -29"><span class='ocrx_word' id='word_1_4' title='bbox 135 407 496 499; x_wconf 70' lang='lat' dir='ltr'><strong>quaerere?</strong></span> <span class='ocrx_word' id='word_1_5' title='bbox 525 406 620 476; x_wconf 78' lang='lat' dir='ltr'><strong>Hi</strong></span> <span class='ocrx_word' id='word_1_6' title='bbox 647 417 808 477; x_wconf 78' lang='lat' dir='ltr'><strong>sunt</strong></span> <span class='ocrx_word' id='word_1_7' title='bbox 830 410 847 441; x_wconf 87' lang='lat'>¹</span> <span class='ocrx_word' id='word_1_8' title='bbox 891 407 1014 497; x_wconf 74' lang='lat' dir='ltr'><strong>qui</strong></span> <span class='ocrx_word' id='word_1_9' title='bbox 1039 400 1238 477; x_wconf 80' lang='lat' dir='ltr'><strong>nobis</strong></span> <span class='ocrx_word' id='word_1_10' title='bbox 1265 406 1601 501; x_wconf 77' lang='lat' dir='ltr'><strong>objiciunt</strong></span> <span class='ocrx_word' id='word_1_11' title='bbox 1628 408 1913 480; x_wconf 84' lang='lat' dir='ltr'><strong>nimium</strong></span> <span class='ocrx_word' id='word_1_12' title='bbox 1938 412 2237 506; x_wconf 80' lang='lat' dir='ltr'><strong>rigorem</strong></span> <span class='ocrx_word' id='word_1_13' title='bbox 2252 462 2275 499; x_wconf 87' lang='lat'><em>,</em></span> 
     </span>
     <span class='ocr_line' id='line_1_3' title="bbox 134 521 2285 617; baseline 0.003 -26"><span class='ocrx_word' id='word_1_14' title='bbox 134 538 204 594; x_wconf 85' lang='lat' dir='ltr'><strong>et</strong></span> <span class='ocrx_word' id='word_1_15' title='bbox 238 524 572 603; x_wconf 70' lang='lat' dir='ltr'><strong>infamant</strong></span> <span class='ocrx_word' id='word_1_16' title='bbox 612 536 958 615; x_wconf 83' lang='lat' dir='ltr'><strong>praecepta</strong></span> <span class='ocrx_word' id='word_1_17' title='bbox 988 536 1218 599; x_wconf 72' lang='lat' dir='ltr'><strong>nostra</strong></span> <span class='ocrx_word' id='word_1_18' title='bbox 1252 521 1511 593; x_wconf 85' lang='lat' dir='ltr'><strong>duritia</strong></span> <span class='ocrx_word' id='word_1_19' title='bbox 1529 573 1552 610; x_wconf 87' lang='lat'><em>,</em></span> <span class='ocrx_word' id='word_1_20' title='bbox 1592 523 1777 617; x_wconf 86' lang='lat' dir='ltr'><strong>quod</strong></span> <span class='ocrx_word' id='word_1_21' title='bbox 1813 523 2117 597; x_wconf 82' lang='lat' dir='ltr'><strong>dicamus</strong></span> <span class='ocrx_word' id='word_1_22' title='bbox 2162 528 2285 599; x_wconf 86' lang='lat' dir='ltr'><strong>do·-</strong></span> 
     </span>
     <span class='ocr_line' id='line_1_4' title="bbox 135 632 2283 731; baseline 0.002 -26"><span class='ocrx_word' id='word_1_23' title='bbox 135 638 348 707; x_wconf 83' lang='lat' dir='ltr'><strong>lorem</strong></span> <span class='ocrx_word' id='word_1_24' title='bbox 398 652 518 705; x_wconf 82' lang='lat' dir='ltr'><strong>aut</strong></span> <span class='ocrx_word' id='word_1_25' title='bbox 561 632 1058 706; x_wconf 79' lang='lat' dir='ltr'><strong>admittendum</strong></span> <span class='ocrx_word' id='word_1_26' title='bbox 1105 635 1180 703; x_wconf 87' lang='lat' dir='ltr'><strong>in</strong></span> <span class='ocrx_word' id='word_1_27' title='bbox 1229 638 1533 707; x_wconf 83' lang='lat' dir='ltr'><strong>animum</strong></span> <span class='ocrx_word' id='word_1_28' title='bbox 1573 662 1715 709; x_wconf 83' lang='lat' dir='ltr'><strong>non</strong></span> <span class='ocrx_word' id='word_1_29' title='bbox 1748 662 1898 709; x_wconf 87' lang='lat' dir='ltr'><strong>esse</strong></span> <span class='ocrx_word' id='word_1_30' title='bbox 1918 690 1939 723; x_wconf 92' lang='lat'>,</span> <span class='ocrx_word' id='word_1_31' title='bbox 1985 657 2106 731; x_wconf 81' lang='lat' dir='ltr'><strong>aut</strong></span> <span class='ocrx_word' id='word_1_32' title='bbox 2148 643 2283 709; x_wconf 86' lang='lat' dir='ltr'><strong>cito</strong></span> 
     </span>
    </p>
   </div>
   <div class='ocr_carea' id='block_1_2' title="bbox 134 748 2295 957">
    <p class='ocr_par' dir='ltr' id='par_1_2' title="bbox 134 748 2295 957">
     <span class='ocr_line' id='line_1_5' title="bbox 134 748 2295 847; baseline 0.003 -24"><span class='ocrx_word' id='word_1_33' title='bbox 134 748 640 847; x_wconf 85' lang='lat' dir='ltr'><strong>expellendum.</strong></span> <span class='ocrx_word' id='word_1_34' title='bbox 679 752 932 821; x_wconf 81' lang='lat' dir='ltr'><strong>Utrum</strong></span> <span class='ocrx_word' id='word_1_35' title='bbox 966 752 1241 823; x_wconf 78' lang='lat' dir='ltr'><strong>tandem</strong></span> <span class='ocrx_word' id='word_1_36' title='bbox 1295 770 1399 822; x_wconf 87' lang='lat' dir='ltr'><strong>est</strong></span> <span class='ocrx_word' id='word_1_37' title='bbox 1439 771 1559 825; x_wconf 89' lang='lat' dir='ltr'><strong>aut</strong></span> <span class='ocrx_word' id='word_1_38' title='bbox 1606 752 2081 829; x_wconf 72' lang='lat' dir='ltr'><strong>incredibilius</strong></span> <span class='ocrx_word' id='word_1_39' title='bbox 2104 808 2128 847; x_wconf 86' lang='lat'><strong><em>,</em></strong></span> <span class='ocrx_word' id='word_1_40' title='bbox 2168 775 2295 831; x_wconf 84' lang='lat' dir='ltr'><strong>aut</strong></span> 
     </span>
     <span class='ocr_line' id='line_1_6' title="bbox 134 866 2287 957; baseline 0.003 -20"><span class='ocrx_word' id='word_1_41' title='bbox 134 867 576 937; x_wconf 68' lang='lat' dir='ltr'><strong>inhumanius</strong></span> <span class='ocrx_word' id='word_1_42' title='bbox 593 916 612 951; x_wconf 91' lang='lat'>‚</span> <span class='ocrx_word' id='word_1_43' title='bbox 653 889 794 935; x_wconf 85' lang='lat' dir='ltr'><strong>non</strong></span> <span class='ocrx_word' id='word_1_44' title='bbox 833 866 1092 935; x_wconf 80' lang='lat' dir='ltr'><strong>sentire</strong></span> <span class='ocrx_word' id='word_1_45' title='bbox 1128 868 1375 936; x_wconf 83' lang='lat' dir='ltr'><strong>amisso</strong></span> <span class='ocrx_word' id='word_1_46' title='bbox 1411 869 1628 937; x_wconf 85' lang='lat' dir='ltr'><strong>amico</strong></span> <span class='ocrx_word' id='word_1_47' title='bbox 1666 868 2005 957; x_wconf 86' lang='lat' dir='ltr'><strong>dolorem,</strong></span> <span class='ocrx_word' id='word_1_48' title='bbox 2039 894 2128 943; x_wconf 86' lang='lat' dir='ltr'><strong>an</strong></span> <span class='ocrx_word' id='word_1_49' title='bbox 2154 896 2287 943; x_wconf 85' lang='lat' dir='ltr'><strong>vo-</strong></span> 
     </span>
    </p>
   </div>
   <div class='ocr_carea' id='block_1_3' title="bbox 133 974 2400 1084">
    <p class='ocr_par' dir='ltr' id='par_1_3' title="bbox 133 974 2400 1084">
     <span class='ocr_line' id='line_1_7' title="bbox 133 974 2400 1084; baseline 0.004 -37"><span class='ocrx_word' id='word_1_50' title='bbox 133 979 464 1076; x_wconf 72' lang='lat' dir='ltr'><strong>luptatem</strong></span> <span class='ocrx_word' id='word_1_51' title='bbox 493 981 742 1072; x_wconf 87' lang='lat' dir='ltr'><strong>inipso</strong></span> <span class='ocrx_word' id='word_1_52' title='bbox 771 974 1006 1055; x_wconf 81' lang='lat' dir='ltr'><strong>dolore</strong></span> <span class='ocrx_word' id='word_1_53' title='bbox 1033 982 1411 1073; x_wconf 70' lang='lat' dir='ltr'><strong>aucupari?</strong></span> <span class='ocrx_word' id='word_1_54' title='bbox 1438 985 1575 1053; x_wconf 84' lang='lat' dir='ltr'><strong>Nos</strong></span> <span class='ocrx_word' id='word_1_55' title='bbox 1605 981 1789 1077; x_wconf 84' lang='lat' dir='ltr'><strong>quod</strong></span> <span class='ocrx_word' id='word_1_56' title='bbox 1814 986 2279 1084; x_wconf 81' lang='lat' dir='ltr'><strong>praecipimus,</strong></span> <span class='ocrx_word' id='word_1_57' title='bbox 2336 992 2400 1057; x_wconf 71' lang='lat'><strong>²⁴</strong></span> 
     </span>
    </p>
   </div>
   <div class='ocr_carea' id='block_1_4' title="bbox 127 1088 2291 2246">
    <p class='ocr_par' dir='ltr' id='par_1_4' title="bbox 127 1088 2291 2246">
     <span class='ocr_line' id='line_1_8' title="bbox 136 1088 2287 1188; baseline 0.003 -23"><span class='ocrx_word' id='word_1_58' title='bbox 136 1096 504 1170; x_wconf 73' lang='lat' dir='ltr'><strong>honestum</strong></span> <span class='ocrx_word' id='word_1_59' title='bbox 532 1112 678 1163; x_wconf 75' lang='lat' dir='ltr'><strong>estz</strong></span> <span class='ocrx_word' id='word_1_60' title='bbox 712 1118 924 1188; x_wconf 87' lang='lat' dir='ltr'><strong>quum</strong></span> <span class='ocrx_word' id='word_1_61' title='bbox 957 1094 1220 1187; x_wconf 87' lang='lat' dir='ltr'><strong>aliquid</strong></span> <span class='ocrx_word' id='word_1_62' title='bbox 1253 1096 1691 1167; x_wconf 85' lang='lat' dir='ltr'><strong>lacrimarum</strong></span> <span class='ocrx_word' id='word_1_63' title='bbox 1717 1101 1999 1171; x_wconf 84' lang='lat' dir='ltr'><strong>affectus</strong></span> <span class='ocrx_word' id='word_1_64' title='bbox 2032 1088 2287 1171; x_wconf 81' lang='lat' dir='ltr'><strong>effude-</strong></span> 
     </span>
     <span class='ocr_line' id='line_1_9' title="bbox 138 1200 2289 1303; baseline 0.004 -24"><span class='ocrx_word' id='word_1_65' title='bbox 138 1214 229 1280; x_wconf 87' lang='lat' dir='ltr'><strong>rit</strong></span> <span class='ocrx_word' id='word_1_66' title='bbox 251 1262 274 1295; x_wconf 89' lang='lat'><strong>,</strong></span> <span class='ocrx_word' id='word_1_67' title='bbox 305 1227 378 1284; x_wconf 83' lang='lat' dir='ltr'><strong>et</strong></span> <span class='ocrx_word' id='word_1_68' title='bbox 388 1261 418 1298; x_wconf 67' lang='lat'><strong>‚‚</strong></span> <span class='ocrx_word' id='word_1_69' title='bbox 444 1227 524 1281; x_wconf 87' lang='lat' dir='ltr'><strong>ut</strong></span> <span class='ocrx_word' id='word_1_70' title='bbox 543 1212 638 1279; x_wconf 86' lang='lat' dir='ltr'><strong>ita</strong></span> <span class='ocrx_word' id='word_1_71' title='bbox 667 1210 886 1279; x_wconf 88' lang='lat' dir='ltr'><strong>dicam</strong></span> <span class='ocrx_word' id='word_1_72' title='bbox 909 1259 928 1292; x_wconf 91' lang='lat'>‚</span> <span class='ocrx_word' id='word_1_73' title='bbox 960 1207 1501 1303; x_wconf 85' lang='lat' dir='ltr'><strong>despumaverit‚</strong></span> <span class='ocrx_word' id='word_1_74' title='bbox 1534 1236 1672 1295; x_wconf 82' lang='lat' dir='ltr'><strong>non</strong></span> <span class='ocrx_word' id='word_1_75' title='bbox 1701 1237 1849 1285; x_wconf 85' lang='lat' dir='ltr'><strong>esse</strong></span> <span class='ocrx_word' id='word_1_76' title='bbox 1881 1200 2289 1287; x_wconf 86' lang='lat' dir='ltr'><strong>tradendum</strong></span> 
     </span>
     <span class='ocr_line' id='line_1_10' title="bbox 127 1325 2289 1425; baseline 0.001 -26"><span class='ocrx_word' id='word_1_77' title='bbox 127 1332 440 1399; x_wconf 76' lang='lat' dir='ltr'><strong>animum</strong></span> <span class='ocrx_word' id='word_1_78' title='bbox 475 1327 722 1396; x_wconf 91' lang='lat' dir='ltr'><strong>dolori.</strong></span> <span class='ocrx_word' id='word_1_79' title='bbox 783 1325 978 1419; x_wconf 85' lang='lat' dir='ltr'><strong>Quid</strong></span> <span class='ocrx_word' id='word_1_80' title='bbox 1029 1342 1106 1415; x_wconf 83' lang='lat' dir='ltr'><strong>tn</strong></span> <span class='ocrx_word' id='word_1_81' title='bbox 1156 1325 1385 1397; x_wconf 76' lang='lat' dir='ltr'><strong>dicis?</strong></span> <span class='ocrx_word' id='word_1_82' title='bbox 1418 1329 1832 1399; x_wconf 74' lang='lat' dir='ltr'><strong>miscendam</strong></span> <span class='ocrx_word' id='word_1_83' title='bbox 1886 1333 2019 1425; x_wconf 89' lang='lat' dir='ltr'><strong>ipsi</strong></span> <span class='ocrx_word' id='word_1_84' title='bbox 2067 1332 2289 1403; x_wconf 90' lang='lat' dir='ltr'><strong>dolori</strong></span> 
     </span>
     <span class='ocr_line' id='line_1_11' title="bbox 137 1442 2289 1541; baseline 0.002 -28"><span class='ocrx_word' id='word_1_85' title='bbox 137 1442 600 1539; x_wconf 83' lang='lat' dir='ltr'><strong>voluptatem!</strong></span> <span class='ocrx_word' id='word_1_86' title='bbox 636 1445 750 1529; x_wconf 81' lang='lat' dir='ltr'><strong>Sic</strong></span> <span class='ocrx_word' id='word_1_87' title='bbox 782 1443 1209 1513; x_wconf 72' lang='lat' dir='ltr'>consolamur</span> <span class='ocrx_word' id='word_1_88' title='bbox 1252 1445 1553 1515; x_wconf 86' lang='lat' dir='ltr'><strong>crustulo</strong></span> <span class='ocrx_word' id='word_1_89' title='bbox 1597 1470 1847 1541; x_wconf 87' lang='lat' dir='ltr'><strong>pueros</strong></span> <span class='ocrx_word' id='word_1_90' title='bbox 1866 1497 1890 1533; x_wconf 88' lang='lat'>‚</span> <span class='ocrx_word' id='word_1_91' title='bbox 1930 1449 2029 1517; x_wconf 89' lang='lat' dir='ltr'><strong>sic</strong></span> <span class='ocrx_word' id='word_1_92' title='bbox 2064 1448 2289 1518; x_wconf 84' lang='lat' dir='ltr'><strong>infan-</strong></span> 
     </span>
     <span class='ocr_line' id='line_1_12' title="bbox 136 1559 2289 1655; baseline 0.003 -28"><span class='ocrx_word' id='word_1_93' title='bbox 136 1561 306 1628; x_wconf 88' lang='lat' dir='ltr'><strong>tium</strong></span> <span class='ocrx_word' id='word_1_94' title='bbox 354 1560 591 1631; x_wconf 86' lang='lat' dir='ltr'><strong>fletum</strong></span> <span class='ocrx_word' id='word_1_95' title='bbox 631 1560 859 1643; x_wconf 84' lang='lat' dir='ltr'><strong>infuso</strong></span> <span class='ocrx_word' id='word_1_96' title='bbox 897 1559 1072 1630; x_wconf 78' lang='lat' dir='ltr'><strong>lacte</strong></span> <span class='ocrx_word' id='word_1_97' title='bbox 1121 1561 1637 1653; x_wconf 73' lang='lat' dir='ltr'><strong>compescimus.</strong></span> <span class='ocrx_word' id='word_1_98' title='bbox 1701 1563 1805 1629; x_wconf 89' lang='lat' dir='ltr'><strong>Ne</strong></span> <span class='ocrx_word' id='word_1_99' title='bbox 1846 1560 1967 1630; x_wconf 89' lang='lat' dir='ltr'><strong>illo</strong></span> <span class='ocrx_word' id='word_1_100' title='bbox 2009 1560 2289 1655; x_wconf 89' lang='lat' dir='ltr'><strong>quidem</strong></span> 
     </span>
     <span class='ocr_line' id='line_1_13' title="bbox 137 1673 2291 1771; baseline 0.002 -26"><span class='ocrx_word' id='word_1_101' title='bbox 137 1692 446 1771; x_wconf 87' lang='lat' dir='ltr'><strong>tempore</strong></span> <span class='ocrx_word' id='word_1_102' title='bbox 481 1727 499 1761; x_wconf 91' lang='lat'>,</span> <span class='ocrx_word' id='word_1_103' title='bbox 534 1700 670 1769; x_wconf 90' lang='lat' dir='ltr'><strong>quo</strong></span> <span class='ocrx_word' id='word_1_104' title='bbox 708 1677 894 1746; x_wconf 84' lang='lat' dir='ltr'><strong>filius</strong></span> <span class='ocrx_word' id='word_1_105' title='bbox 917 1673 1117 1747; x_wconf 86' lang='lat' dir='ltr'><strong>ardet</strong></span> <span class='ocrx_word' id='word_1_106' title='bbox 1137 1726 1158 1759; x_wconf 92' lang='lat'>,</span> <span class='ocrx_word' id='word_1_107' title='bbox 1198 1691 1317 1745; x_wconf 84' lang='lat' dir='ltr'><strong>aut</strong></span> <span class='ocrx_word' id='word_1_108' title='bbox 1352 1678 1609 1747; x_wconf 87' lang='lat' dir='ltr'><strong>amicus</strong></span> <span class='ocrx_word' id='word_1_109' title='bbox 1642 1678 1940 1771; x_wconf 84' lang='lat' dir='ltr'><strong>exspirat</strong></span> <span class='ocrx_word' id='word_1_110' title='bbox 1969 1730 1989 1763; x_wconf 90' lang='lat'>‚</span> <span class='ocrx_word' id='word_1_111' title='bbox 2023 1702 2291 1749; x_wconf 86' lang='lat' dir='ltr'><strong>cessare</strong></span> 
     </span>
     <span class='ocr_line' id='line_1_14' title="bbox 135 1792 2281 1887; baseline 0.002 -25"><span class='ocrx_word' id='word_1_112' title='bbox 135 1798 394 1887; x_wconf 80' lang='lat' dir='ltr'><strong>pateris</strong></span> <span class='ocrx_word' id='word_1_113' title='bbox 445 1794 857 1887; x_wconf 79' lang='lat' dir='ltr'><strong>voluptatem</strong></span> <span class='ocrx_word' id='word_1_114' title='bbox 875 1845 896 1878; x_wconf 90' lang='lat'>,</span> <span class='ocrx_word' id='word_1_115' title='bbox 962 1792 1086 1863; x_wconf 86' lang='lat' dir='ltr'><strong>sed</strong></span> <span class='ocrx_word' id='word_1_116' title='bbox 1139 1795 1363 1887; x_wconf 86' lang='lat' dir='ltr'><strong>ipsum</strong></span> <span class='ocrx_word' id='word_1_117' title='bbox 1417 1796 1519 1864; x_wconf 86' lang='lat' dir='ltr'><strong>vis</strong></span> <span class='ocrx_word' id='word_1_118' title='bbox 1574 1796 1851 1867; x_wconf 83' lang='lat' dir='ltr'><strong>titillare</strong></span> <span class='ocrx_word' id='word_1_119' title='bbox 1900 1819 2281 1869; x_wconf 86' lang='lat' dir='ltr'><strong>moerorem.</strong></span> 
     </span>
     <span class='ocr_line' id='line_1_15' title="bbox 135 1910 2286 1998; baseline 0.003 -18"><span class='ocrx_word' id='word_1_120' title='bbox 135 1914 383 1981; x_wconf 83' lang='lat' dir='ltr'><strong>Utrum</strong></span> <span class='ocrx_word' id='word_1_121' title='bbox 421 1911 776 1984; x_wconf 80' lang='lat' dir='ltr'><strong>honestius</strong></span> <span class='ocrx_word' id='word_1_122' title='bbox 811 1910 1012 1981; x_wconf 80' lang='lat' dir='ltr'><strong>dolor·</strong></span> <span class='ocrx_word' id='word_1_123' title='bbox 1040 1912 1130 1981; x_wconf 89' lang='lat' dir='ltr'><strong>ab</strong></span> <span class='ocrx_word' id='word_1_124' title='bbox 1166 1914 1399 1984; x_wconf 87' lang='lat' dir='ltr'><strong>animo</strong></span> <span class='ocrx_word' id='word_1_125' title='bbox 1438 1912 1910 1998; x_wconf 83' lang='lat' dir='ltr'><strong>submovetur,</strong></span> <span class='ocrx_word' id='word_1_126' title='bbox 1958 1938 2051 1985; x_wconf 86' lang='lat' dir='ltr'><strong>an</strong></span> <span class='ocrx_word' id='word_1_127' title='bbox 2085 1916 2286 1987; x_wconf 79' lang='lat' dir='ltr'><strong>volu-</strong></span> 
     </span>
     <span class='ocr_line' id='line_1_16' title="bbox 135 2026 2289 2124; baseline 0.002 -27"><span class='ocrx_word' id='word_1_128' title='bbox 135 2047 286 2124; x_wconf 86' lang='lat' dir='ltr'><strong>ptas</strong></span> <span class='ocrx_word' id='word_1_129' title='bbox 310 2028 402 2096; x_wconf 86' lang='lat' dir='ltr'><strong>ad</strong></span> <span class='ocrx_word' id='word_1_130' title='bbox 428 2027 734 2096; x_wconf 85' lang='lat' dir='ltr'><strong>dolorem</strong></span> <span class='ocrx_word' id='word_1_131' title='bbox 759 2050 1031 2119; x_wconf 86' lang='lat' dir='ltr'><strong>quoque</strong></span> <span class='ocrx_word' id='word_1_132' title='bbox 1057 2026 1443 2097; x_wconf 84' lang='lat' dir='ltr'><strong>admittitur</strong></span> <span class='ocrx_word' id='word_1_133' title='bbox 1466 2030 1905 2113; x_wconf 79' lang='lat' dir='ltr'><strong>Padmittitur,</strong></span> <span class='ocrx_word' id='word_1_134' title='bbox 1936 2030 2091 2101; x_wconf 87' lang='lat' dir='ltr'><strong>dico</strong></span> <span class='ocrx_word' id='word_1_135' title='bbox 2114 2035 2146 2101; x_wconf 76' lang='lat' dir='ltr'><em>P</em></span> <span class='ocrx_word' id='word_1_136' title='bbox 2169 2058 2289 2101; x_wconf 68' lang='lat' dir='ltr'><strong>ca-</strong></span> 
     </span>
     <span class='ocr_line' id='line_1_17' title="bbox 127 2137 2289 2246; baseline 0.002 -36"><span class='ocrx_word' id='word_1_137' title='bbox 127 2161 388 2234; x_wconf 80' lang='lat' dir='ltr'><strong>ptatur,</strong></span> <span class='ocrx_word' id='word_1_138' title='bbox 422 2156 492 2211; x_wconf 90' lang='lat' dir='ltr'><strong>et</strong></span> <span class='ocrx_word' id='word_1_139' title='bbox 518 2140 798 2246; x_wconf 75' lang='lat' dir='ltr'><strong>quidem</strong></span> <span class='ocrx_word' id='word_1_140' title='bbox 829 2162 910 2209; x_wconf 81' lang='lat' dir='ltr'><strong>ex</strong></span> <span class='ocrx_word' id='word_1_141' title='bbox 939 2137 1121 2235; x_wconf 85' lang='lat' dir='ltr'><strong>ipso!</strong></span> <span class='ocrx_word' id='word_1_142' title='bbox 1168 2144 1345 2211; x_wconf 86' lang='lat' dir='ltr'><strong>«Est</strong></span> <span class='ocrx_word' id='word_1_143' title='bbox 1374 2142 1639 2235; x_wconf 88' lang='lat' dir='ltr'><strong>aliqua,</strong></span> <span class='ocrx_word' id='word_1_144' title='bbox 1675 2146 1941 2238; x_wconf 85' lang='lat' dir='ltr'><strong>inquit,·</strong></span> <span class='ocrx_word' id='word_1_145' title='bbox 1978 2146 2289 2241; x_wconf 84' lang='lat' dir='ltr'><strong>voluptas</strong></span> 
     </span>
    </p>
   </div>
   <div class='ocr_carea' id='block_1_5' title="bbox 142 2257 2306 2357">
    <p class='ocr_par' dir='ltr' id='par_1_5' title="bbox 142 2257 2306 2357">
     <span class='ocr_line' id='line_1_18' title="bbox 142 2257 2306 2357; baseline 0.004 -32"><span class='ocrx_word' id='word_1_146' title='bbox 142 2288 176 2325; x_wconf 67' lang='lat' dir='ltr'>n</span> <span class='ocrx_word' id='word_1_147' title='bbox 195 2275 490 2353; x_wconf 74' lang='lat' dir='ltr'><strong>cognata</strong></span> <span class='ocrx_word' id='word_1_148' title='bbox 511 2260 803 2332; x_wconf 67' lang='lat' dir='ltr'><strong>tristitiae</strong></span> <span class='ocrx_word' id='word_1_149' title='bbox 823 2263 850 2293; x_wconf 81' lang='lat'><em>²</em></span> <span class='ocrx_word' id='word_1_150' title='bbox 863 2307 880 2327; x_wconf 88' lang='lat'><strong>.</strong></span> <span class='ocrx_word' id='word_1_151' title='bbox 895 2257 1212 2327; x_wconf 68' lang='lat' dir='ltr'><strong>r-—Illud</strong></span> <span class='ocrx_word' id='word_1_152' title='bbox 1234 2260 1429 2330; x_wconf 87' lang='lat' dir='ltr'><strong>nobis</strong></span> <span class='ocrx_word' id='word_1_153' title='bbox 1446 2259 1607 2330; x_wconf 83' lang='lat' dir='ltr'><strong>lieet</strong></span> <span class='ocrx_word' id='word_1_154' title='bbox 1622 2261 1891 2350; x_wconf 83' lang='lat' dir='ltr'><strong>dicere3</strong></span> <span class='ocrx_word' id='word_1_155' title='bbox 1924 2263 2115 2333; x_wconf 87' lang='lat' dir='ltr'><strong>vobis</strong></span> <span class='ocrx_word' id='word_1_156' title='bbox 2134 2263 2306 2357; x_wconf 60' lang='lat' dir='ltr'><strong>qui-¹</strong></span> 
     </span>
    </p>
   </div>
   <div class='ocr_carea' id='block_1_6' title="bbox 133 2373 2297 3403">
    <p class='ocr_par' dir='ltr' id='par_1_6' title="bbox 133 2373 2297 3403">
     <span class='ocr_line' id='line_1_19' title="bbox 133 2373 2287 2474; baseline 0.002 -30"><span class='ocrx_word' id='word_1_157' title='bbox 133 2375 298 2446; x_wconf 87' lang='lat' dir='ltr'><strong>dem</strong></span> <span class='ocrx_word' id='word_1_158' title='bbox 337 2398 480 2444; x_wconf 91' lang='lat' dir='ltr'><strong>non</strong></span> <span class='ocrx_word' id='word_1_159' title='bbox 509 2373 697 2446; x_wconf 87' lang='lat' dir='ltr'><strong>licet.</strong></span> <span class='ocrx_word' id='word_1_160' title='bbox 739 2377 970 2444; x_wconf 82' lang='lat' dir='ltr'><strong>Unum</strong></span> <span class='ocrx_word' id='word_1_161' title='bbox 1005 2374 1260 2443; x_wconf 90' lang='lat' dir='ltr'><strong>bonum</strong></span> <span class='ocrx_word' id='word_1_162' title='bbox 1293 2376 1507 2444; x_wconf 85' lang='lat' dir='ltr'><strong>nostis</strong></span> <span class='ocrx_word' id='word_1_163' title='bbox 1529 2425 1548 2459; x_wconf 92' lang='lat'>‚</span> <span class='ocrx_word' id='word_1_164' title='bbox 1595 2376 2287 2474; x_wconf 59' lang='lat' dir='ltr'><strong>voluptatemgunum</strong></span> 
     </span>
     <span class='ocr_line' id='line_1_20' title="bbox 137 2490 2291 2584; baseline 0.001 -22"><span class='ocrx_word' id='word_1_165' title='bbox 137 2491 394 2562; x_wconf 86' lang='lat' dir='ltr'><strong>malum</strong></span> <span class='ocrx_word' id='word_1_166' title='bbox 416 2539 438 2571; x_wconf 86' lang='lat'>‚</span> <span class='ocrx_word' id='word_1_167' title='bbox 469 2490 800 2569; x_wconf 83' lang='lat' dir='ltr'><strong>dolorem.</strong></span> <span class='ocrx_word' id='word_1_168' title='bbox 832 2490 1006 2584; x_wconf 85' lang='lat' dir='ltr'><strong>Quae</strong></span> <span class='ocrx_word' id='word_1_169' title='bbox 1035 2506 1256 2584; x_wconf 84' lang='lat' dir='ltr'><strong>potest</strong></span> <span class='ocrx_word' id='word_1_170' title='bbox 1285 2492 1465 2559; x_wconf 77' lang='lat' dir='ltr'><strong>inter</strong></span> <span class='ocrx_word' id='word_1_171' title='bbox 1492 2491 1747 2561; x_wconf 89' lang='lat' dir='ltr'><strong>bonum</strong></span> <span class='ocrx_word' id='word_1_172' title='bbox 1778 2509 1852 2563; x_wconf 85' lang='lat' dir='ltr'><strong>et</strong></span> <span class='ocrx_word' id='word_1_173' title='bbox 1872 2493 2121 2564; x_wconf 85' lang='lat' dir='ltr'><strong>malum</strong></span> <span class='ocrx_word' id='word_1_174' title='bbox 2144 2519 2291 2564; x_wconf 82' lang='lat' dir='ltr'><strong>esse</strong></span> 
     </span>
     <span class='ocr_line' id='line_1_21' title="bbox 136 2606 2297 2705; baseline 0.001 -25"><span class='ocrx_word' id='word_1_175' title='bbox 136 2608 512 2705; x_wconf 80' lang='lat' dir='ltr'><strong>cognatio?</strong></span> <span class='ocrx_word' id='word_1_176' title='bbox 545 2606 683 2678; x_wconf 89' lang='lat' dir='ltr'><strong>Sed</strong></span> <span class='ocrx_word' id='word_1_177' title='bbox 717 2622 882 2702; x_wconf 89' lang='lat' dir='ltr'><strong>puta</strong></span> <span class='ocrx_word' id='word_1_178' title='bbox 917 2631 1108 2695; x_wconf 81' lang='lat' dir='ltr'><strong>esse3</strong></span> <span class='ocrx_word' id='word_1_179' title='bbox 1149 2630 1336 2678; x_wconf 85' lang='lat' dir='ltr'><strong>nunc</strong></span> <span class='ocrx_word' id='word_1_180' title='bbox 1365 2610 1789 2701; x_wconf 87' lang='lat' dir='ltr'><strong>potissimum</strong></span> <span class='ocrx_word' id='word_1_181' title='bbox 1820 2606 2121 2680; x_wconf 83' lang='lat' dir='ltr'><strong>eruitur³</strong></span> <span class='ocrx_word' id='word_1_182' title='bbox 2155 2614 2186 2681; x_wconf 78' lang='grc' dir='ltr'><strong>ἱ)</strong></span> <span class='ocrx_word' id='word_1_183' title='bbox 2222 2630 2297 2688; x_wconf 83' lang='lat' dir='ltr'><strong>et</strong></span> 
     </span>
     <span class='ocr_line' id='line_1_22' title="bbox 138 2723 2297 2819; baseline 0.003 -26"><span class='ocrx_word' id='word_1_184' title='bbox 138 2727 366 2819; x_wconf 85' lang='lat' dir='ltr'><strong>ipsum</strong></span> <span class='ocrx_word' id='word_1_185' title='bbox 411 2723 714 2795; x_wconf 89' lang='lat' dir='ltr'><strong>dolorem</strong></span> <span class='ocrx_word' id='word_1_186' title='bbox 749 2737 1156 2809; x_wconf 74' lang='lat' dir='ltr'><strong>scrutamur,</strong></span> <span class='ocrx_word' id='word_1_187' title='bbox 1198 2747 1290 2792; x_wconf 81' lang='lat' dir='ltr'><strong>an</strong></span> <span class='ocrx_word' id='word_1_188' title='bbox 1326 2723 1592 2815; x_wconf 87' lang='lat' dir='ltr'><strong>aliquid</strong></span> <span class='ocrx_word' id='word_1_189' title='bbox 1621 2723 1872 2796; x_wconf 83' lang='lat' dir='ltr'><strong>habeat</strong></span> <span class='ocrx_word' id='word_1_190' title='bbox 1904 2725 2297 2818; x_wconf 79' lang='lat' dir='ltr'><strong>jucundum</strong></span> 
     </span>
     <span class='ocr_line' id='line_1_23' title="bbox 137 2837 2291 2936; baseline 0.002 -29"><span class='ocrx_word' id='word_1_191' title='bbox 137 2843 326 2909; x_wconf 84' lang='lat' dir='ltr'><strong>circa</strong></span> <span class='ocrx_word' id='word_1_192' title='bbox 352 2862 426 2908; x_wconf 84' lang='lat' dir='ltr'><strong>se</strong></span> <span class='ocrx_word' id='word_1_193' title='bbox 449 2855 520 2910; x_wconf 83' lang='lat' dir='ltr'><strong>et</strong></span> <span class='ocrx_word' id='word_1_194' title='bbox 540 2839 1036 2933; x_wconf 76' lang='lat' dir='ltr'><strong>voluptarium?</strong></span> <span class='ocrx_word' id='word_1_195' title='bbox 1062 2837 1395 2931; x_wconf 84' lang='lat' dir='ltr'><strong>Quaedam</strong></span> <span class='ocrx_word' id='word_1_196' title='bbox 1434 2839 1771 2926; x_wconf 87' lang='lat' dir='ltr'><strong>remedia,</strong></span> <span class='ocrx_word' id='word_1_197' title='bbox 1803 2841 1956 2912; x_wconf 80' lang='lat' dir='ltr'><strong>aliis</strong></span> <span class='ocrx_word' id='word_1_198' title='bbox 1983 2843 2291 2936; x_wconf 87' lang='lat' dir='ltr'><strong>partibus</strong></span> 
     </span>
     <span class='ocr_line' id='line_1_24' title="bbox 139 2952 2290 3051; baseline 0.001 -25"><span class='ocrx_word' id='word_1_199' title='bbox 139 2957 452 3051; x_wconf 87' lang='lat' dir='ltr'><strong>corporis</strong></span> <span class='ocrx_word' id='word_1_200' title='bbox 488 2956 845 3040; x_wconf 80' lang='lat' dir='ltr'><strong>salutaria,</strong></span> <span class='ocrx_word' id='word_1_201' title='bbox 879 2955 1068 3023; x_wconf 83' lang='lat' dir='ltr'><strong>velut</strong></span> <span class='ocrx_word' id='word_1_202' title='bbox 1103 2952 1278 3024; x_wconf 84' lang='lat' dir='ltr'><strong>foeda</strong></span> <span class='ocrx_word' id='word_1_203' title='bbox 1311 2970 1381 3024; x_wconf 89' lang='lat' dir='ltr'><strong>et</strong></span> <span class='ocrx_word' id='word_1_204' title='bbox 1413 2954 1739 3026; x_wconf 87' lang='lat' dir='ltr'><strong>indecora</strong></span> <span class='ocrx_word' id='word_1_205' title='bbox 1780 2958 2099 3028; x_wconf 85' lang='lat' dir='ltr'><strong>adhiberi</strong></span> <span class='ocrx_word' id='word_1_206' title='bbox 2138 2961 2290 3029; x_wconf 86' lang='lat' dir='ltr'><strong>aliis</strong></span> 
     </span>
     <span class='ocr_line' id='line_1_25' title="bbox 136 3070 2291 3167; baseline 0 -23"><span class='ocrx_word' id='word_1_207' title='bbox 136 3089 534 3167; x_wconf 78' lang='lat' dir='ltr'><strong>nequeunt3</strong></span> <span class='ocrx_word' id='word_1_208' title='bbox 579 3089 652 3142; x_wconf 87' lang='lat' dir='ltr'><strong>et</strong></span> <span class='ocrx_word' id='word_1_209' title='bbox 671 3123 690 3158; x_wconf 90' lang='lat'>,</span> <span class='ocrx_word' id='word_1_210' title='bbox 745 3070 933 3165; x_wconf 89' lang='lat' dir='ltr'><strong>quod</strong></span> <span class='ocrx_word' id='word_1_211' title='bbox 957 3071 1188 3142; x_wconf 83' lang='lat' dir='ltr'><strong>aliubi</strong></span> <span class='ocrx_word' id='word_1_212' title='bbox 1238 3071 1594 3165; x_wconf 81' lang='lat' dir='ltr'><strong>prodesset</strong></span> <span class='ocrx_word' id='word_1_213' title='bbox 1623 3075 1770 3147; x_wconf 86' lang='lat' dir='ltr'><strong>sine</strong></span> <span class='ocrx_word' id='word_1_214' title='bbox 1806 3076 2053 3164; x_wconf 81' lang='lat' dir='ltr'><strong>damno</strong></span> <span class='ocrx_word' id='word_1_215' title='bbox 2084 3101 2291 3146; x_wconf 86' lang='lat' dir='ltr'><strong>vere-</strong></span> 
     </span>
     <span class='ocr_line' id='line_1_26' title="bbox 137 3188 2292 3288; baseline 0.001 -29"><span class='ocrx_word' id='word_1_216' title='bbox 137 3189 454 3274; x_wconf 81' lang='lat' dir='ltr'><strong>cundiae,</strong></span> <span class='ocrx_word' id='word_1_217' title='bbox 507 3191 584 3258; x_wconf 91' lang='lat' dir='ltr'><strong>id</strong></span> <span class='ocrx_word' id='word_1_218' title='bbox 627 3191 707 3259; x_wconf 84' lang='lat' dir='ltr'><strong>fit</strong></span> <span class='ocrx_word' id='word_1_219' title='bbox 753 3190 1190 3258; x_wconf 84' lang='lat' dir='ltr'><strong>inhonestum</strong></span> <span class='ocrx_word' id='word_1_220' title='bbox 1235 3188 1385 3257; x_wconf 91' lang='lat' dir='ltr'><strong>loco</strong></span> <span class='ocrx_word' id='word_1_221' title='bbox 1420 3189 1747 3259; x_wconf 82' lang='lat' dir='ltr'><strong>vulneris.</strong></span> <span class='ocrx_word' id='word_1_222' title='bbox 1788 3195 1940 3260; x_wconf 87' lang='lat' dir='ltr'><strong>Non</strong></span> <span class='ocrx_word' id='word_1_223' title='bbox 1974 3209 2042 3261; x_wconf 87' lang='lat' dir='ltr'><strong>te</strong></span> <span class='ocrx_word' id='word_1_224' title='bbox 2076 3193 2292 3288; x_wconf 88' lang='lat' dir='ltr'><strong>pudet</strong></span> 
     </span>
     <span class='ocr_line' id='line_1_27' title="bbox 137 3307 2285 3403; baseline 0.002 -27"><span class='ocrx_word' id='word_1_225' title='bbox 137 3308 404 3381; x_wconf 86' lang='lat' dir='ltr'><strong>luctum</strong></span> <span class='ocrx_word' id='word_1_226' title='bbox 429 3309 775 3402; x_wconf 82' lang='lat' dir='ltr'><strong>voluptate</strong></span> <span class='ocrx_word' id='word_1_227' title='bbox 801 3308 1083 3376; x_wconf 77' lang='lat' dir='ltr'><strong>sanare?</strong></span> <span class='ocrx_word' id='word_1_228' title='bbox 1105 3307 1427 3376; x_wconf 84' lang='lat' dir='ltr'><strong>Severius</strong></span> <span class='ocrx_word' id='word_1_229' title='bbox 1454 3307 1583 3376; x_wconf 85' lang='lat' dir='ltr'><strong>ista</strong></span> <span class='ocrx_word' id='word_1_230' title='bbox 1606 3308 1807 3403; x_wconf 80' lang='lat' dir='ltr'><strong>plaga</strong></span> <span class='ocrx_word' id='word_1_231' title='bbox 1831 3311 2131 3382; x_wconf 79' lang='lat' dir='ltr'><strong>curanda</strong></span> <span class='ocrx_word' id='word_1_232' title='bbox 2158 3329 2285 3382; x_wconf 86' lang='lat' dir='ltr'><strong>est.</strong></span> 
     </span>
    </p>
   </div>
   <div class='ocr_carea' id='block_1_7' title="bbox 139 3573 2291 4122">
    <p class='ocr_par' dir='ltr' id='par_1_7' title="bbox 143 3573 2291 3736">
     <span class='ocr_line' id='line_1_28' title="bbox 212 3573 2290 3646; baseline -0.001 -10"><span class='ocrx_word' id='word_1_233' title='bbox 212 3603 257 3636; x_wconf 86' lang='grc' dir='ltr'><strong>ι.</strong></span> <span class='ocrx_word' id='word_1_234' title='bbox 284 3581 375 3635; x_wconf 82' lang='grc' dir='ltr'><strong><em>Ηί</em></strong></span> <span class='ocrx_word' id='word_1_235' title='bbox 394 3591 520 3636; x_wconf 73' lang='lat' dir='ltr'><strong>sunt</strong></span> <span class='ocrx_word' id='word_1_236' title='bbox 535 3618 552 3645; x_wconf 84' lang='lat'>‚</span> <span class='ocrx_word' id='word_1_237' title='bbox 579 3593 673 3634; x_wconf 80' lang='lat' dir='ltr'><strong>ete.</strong></span> <span class='ocrx_word' id='word_1_238' title='bbox 697 3580 780 3633; x_wconf 81' lang='lat' dir='ltr'><strong>Cl&#39;.</strong></span> <span class='ocrx_word' id='word_1_239' title='bbox 805 3579 869 3632; x_wconf 78' lang='lat' dir='ltr'><strong>de</strong></span> <span class='ocrx_word' id='word_1_240' title='bbox 905 3577 1168 3632; x_wconf 64' lang='lat' dir='ltr'><strong>Constant:</strong></span> <span class='ocrx_word' id='word_1_241' title='bbox 1331 3578 1383 3630; x_wconf 87' lang='lat'><strong>3.</strong></span> <span class='ocrx_word' id='word_1_242' title='bbox 1409 3573 1563 3631; x_wconf 77' lang='lat' dir='ltr'><strong>Nuric</strong></span> <span class='ocrx_word' id='word_1_243' title='bbox 1582 3582 1917 3646; x_wconf 77' lang='lat' dir='ltr'><strong>potissimum</strong></span> <span class='ocrx_word' id='word_1_244' title='bbox 1942 3581 2151 3633; x_wconf 72' lang='lat' dir='ltr'><strong>eruitur.</strong></span> <span class='ocrx_word' id='word_1_245' title='bbox 2190 3582 2290 3634; x_wconf 82' lang='lat' dir='ltr'><strong>Im..</strong></span> 
     </span>
     <span class='ocr_line' id='line_1_29' title="bbox 143 3657 2291 3736; baseline -0.001 -22"><span class='ocrx_word' id='word_1_246' title='bbox 143 3663 264 3736; x_wconf 74' lang='lat' dir='ltr'><strong>Sap·</strong></span> <span class='ocrx_word' id='word_1_247' title='bbox 289 3682 398 3734; x_wconf 80' lang='lat' dir='ltr'><strong>cap.</strong></span> <span class='ocrx_word' id='word_1_248' title='bbox 419 3661 452 3712; x_wconf 82' lang='grc'>3</span> <span class='ocrx_word' id='word_1_249' title='bbox 472 3699 488 3724; x_wconf 82' lang='lat'><strong>‚</strong></span> <span class='ocrx_word' id='word_1_250' title='bbox 520 3681 540 3712; x_wconf 79' lang='grc' dir='ltr'>ι</span> <span class='ocrx_word' id='word_1_251' title='bbox 569 3671 676 3714; x_wconf 87' lang='lat' dir='ltr'><strong>not.</strong></span> <span class='ocrx_word' id='word_1_252' title='bbox 699 3657 883 3712; x_wconf 71' lang='lat' dir='ltr'><strong>Ruhk.</strong></span> <span class='ocrx_word' id='word_1_253' title='bbox 1264 3677 1390 3708; x_wconf 86' lang='lat' dir='ltr'><strong>num</strong></span> <span class='ocrx_word' id='word_1_254' title='bbox 1406 3671 1599 3731; x_wconf 82' lang='lat' dir='ltr'><strong>tempus</strong></span> <span class='ocrx_word' id='word_1_255' title='bbox 1615 3669 1689 3710; x_wconf 79' lang='lat' dir='ltr'><strong>est</strong></span> <span class='ocrx_word' id='word_1_256' title='bbox 1702 3670 2041 3731; x_wconf 84' lang='lat' dir='ltr'><strong>opportunum</strong></span> <span class='ocrx_word' id='word_1_257' title='bbox 2058 3657 2193 3711; x_wconf 80' lang='lat' dir='ltr'><strong>hanc</strong></span> <span class='ocrx_word' id='word_1_258' title='bbox 2208 3680 2291 3712; x_wconf 88' lang='lat' dir='ltr'><strong>vo·</strong></span> 
     </span>
    </p>

    <p class='ocr_par' dir='ltr' id='par_1_8' title="bbox 139 3735 2291 4122">
     <span class='ocr_line' id='line_1_30' title="bbox 207 3735 2291 3809; baseline -0.002 -16"><span class='ocrx_word' id='word_1_259' title='bbox 207 3762 258 3793; x_wconf 80' lang='lat'><strong>2.</strong></span> <span class='ocrx_word' id='word_1_260' title='bbox 278 3739 552 3808; x_wconf 78' lang='lat' dir='ltr'><strong>Voluptas</strong></span> <span class='ocrx_word' id='word_1_261' title='bbox 562 3749 784 3809; x_wconf 75' lang='lat' dir='ltr'><strong>cognata</strong></span> <span class='ocrx_word' id='word_1_262' title='bbox 800 3735 1170 3790; x_wconf 58' lang='lat' dir='ltr'><strong>&amp;initiet-Sta·</strong></span> <span class='ocrx_word' id='word_1_263' title='bbox 1264 3735 1469 3809; x_wconf 76' lang='lat' dir='ltr'><strong>luptatis</strong></span> <span class='ocrx_word' id='word_1_264' title='bbox 1512 3755 1627 3788; x_wconf 84' lang='lat' dir='ltr'><strong>cum</strong></span> <span class='ocrx_word' id='word_1_265' title='bbox 1668 3755 1880 3788; x_wconf 80' lang='lat' dir='ltr'><strong>maerore</strong></span> <span class='ocrx_word' id='word_1_266' title='bbox 1934 3738 2291 3807; x_wconf 81' lang='lat' dir='ltr'><strong>cognationem</strong></span> 
     </span>
     <span class='ocr_line' id='line_1_31' title="bbox 142 3811 2291 3882; baseline -0.003 -12"><span class='ocrx_word' id='word_1_267' title='bbox 142 3819 272 3871; x_wconf 80' lang='lat' dir='ltr'><strong>tius:</strong></span> <span class='ocrx_word' id='word_1_268' title='bbox 293 3841 322 3865; x_wconf 69' lang='grc' dir='ltr'><strong><em>κ</em></strong></span> <span class='ocrx_word' id='word_1_269' title='bbox 336 3818 488 3870; x_wconf 84' lang='lat' dir='ltr'><strong>Tune</strong></span> <span class='ocrx_word' id='word_1_270' title='bbox 505 3815 648 3882; x_wconf 81' lang='lat' dir='ltr'><strong>flere,</strong></span> <span class='ocrx_word' id='word_1_271' title='bbox 667 3829 714 3868; x_wconf 79' lang='lat' dir='ltr'><strong>et</strong></span> <span class='ocrx_word' id='word_1_272' title='bbox 733 3815 964 3868; x_wconf 79' lang='lat' dir='ltr'><strong>scindere</strong></span> <span class='ocrx_word' id='word_1_273' title='bbox 987 3825 1166 3880; x_wconf 75' lang='lat' dir='ltr'><strong>vestes,</strong></span> <span class='ocrx_word' id='word_1_274' title='bbox 1269 3832 1443 3866; x_wconf 78' lang='lat' dir='ltr'><strong>eruere</strong></span> <span class='ocrx_word' id='word_1_275' title='bbox 1460 3853 1475 3877; x_wconf 82' lang='lat'><strong>,</strong></span> <span class='ocrx_word' id='word_1_276' title='bbox 1502 3833 1661 3882; x_wconf 85' lang='lat' dir='ltr'><strong>quum</strong></span> <span class='ocrx_word' id='word_1_277' title='bbox 1693 3813 1787 3866; x_wconf 88' lang='lat' dir='ltr'><strong>tibi</strong></span> <span class='ocrx_word' id='word_1_278' title='bbox 1828 3811 1965 3868; x_wconf 80' lang='lat' dir='ltr'><strong>filius</strong></span> <span class='ocrx_word' id='word_1_279' title='bbox 1990 3828 2078 3868; x_wconf 87' lang='lat' dir='ltr'><strong>aut</strong></span> <span class='ocrx_word' id='word_1_280' title='bbox 2098 3814 2291 3866; x_wconf 73' lang='lat' dir='ltr'><strong>amicus</strong></span> 
     </span>
     <span class='ocr_line' id='line_1_32' title="bbox 143 3891 2288 3969; baseline -0.005 -18"><span class='ocrx_word' id='word_1_281' title='bbox 143 3901 400 3969; x_wconf 78' lang='lat' dir='ltr'><strong>Fataque,</strong></span> <span class='ocrx_word' id='word_1_282' title='bbox 429 3910 480 3948; x_wconf 81' lang='lat' dir='ltr'><strong>et</strong></span> <span class='ocrx_word' id='word_1_283' title='bbox 515 3897 730 3969; x_wconf 77' lang='lat' dir='ltr'><strong>injustos</strong></span> <span class='ocrx_word' id='word_1_284' title='bbox 763 3895 953 3948; x_wconf 78' lang='lat' dir='ltr'><strong>rabidis</strong></span> <span class='ocrx_word' id='word_1_285' title='bbox 974 3896 1168 3969; x_wconf 80' lang='lat' dir='ltr'><strong>pulsare</strong></span> <span class='ocrx_word' id='word_1_286' title='bbox 1269 3891 1519 3964; x_wconf 75' lang='lat' dir='ltr'><strong>exspirat?</strong></span> <span class='ocrx_word' id='word_1_287' title='bbox 1557 3893 1695 3946; x_wconf 81' lang='lat' dir='ltr'><strong>Num</strong></span> <span class='ocrx_word' id='word_1_288' title='bbox 1738 3892 1880 3944; x_wconf 75' lang='lat' dir='ltr'><strong>(lecet</strong></span> <span class='ocrx_word' id='word_1_289' title='bbox 1914 3893 1977 3944; x_wconf 79' lang='lat' dir='ltr'><strong>ad</strong></span> <span class='ocrx_word' id='word_1_290' title='bbox 2006 3892 2143 3945; x_wconf 81' lang='lat' dir='ltr'><strong>illam</strong></span> <span class='ocrx_word' id='word_1_291' title='bbox 2168 3905 2288 3943; x_wconf 80' lang='lat' dir='ltr'><strong>tunc</strong></span> 
     </span>
     <span class='ocr_line' id='line_1_33' title="bbox 139 3968 2288 4047; baseline -0.005 -18"><span class='ocrx_word' id='word_1_292' title='bbox 139 3977 364 4047; x_wconf 77' lang='lat' dir='ltr'><strong>querelis</strong></span> <span class='ocrx_word' id='word_1_293' title='bbox 390 3973 664 4028; x_wconf 76' lang='lat' dir='ltr'><strong>Coelicolas</strong></span> <span class='ocrx_word' id='word_1_294' title='bbox 682 4013 696 4040; x_wconf 89' lang='lat'>,</span> <span class='ocrx_word' id='word_1_295' title='bbox 723 3973 953 4027; x_wconf 78' lang='lat' dir='ltr'><strong>solamen</strong></span> <span class='ocrx_word' id='word_1_296' title='bbox 991 3987 1110 4026; x_wconf 76' lang='lat' dir='ltr'><strong>erat.</strong></span> <span class='ocrx_word' id='word_1_297' title='bbox 1138 3996 1166 4021; x_wconf 72' lang='lat' dir='ltr'><strong>»v</strong></span> <span class='ocrx_word' id='word_1_298' title='bbox 1269 3972 1543 4043; x_wconf 77' lang='lat' dir='ltr'><strong>confugere</strong></span> <span class='ocrx_word' id='word_1_299' title='bbox 1567 4009 1584 4038; x_wconf 89' lang='lat'>,</span> <span class='ocrx_word' id='word_1_300' title='bbox 1618 3981 1667 4021; x_wconf 82' lang='lat' dir='ltr'><strong>et</strong></span> <span class='ocrx_word' id='word_1_301' title='bbox 1692 3969 1745 4021; x_wconf 87' lang='lat' dir='ltr'><strong>in</strong></span> <span class='ocrx_word' id='word_1_302' title='bbox 1772 3970 1999 4022; x_wconf 86' lang='lat' dir='ltr'><strong>dolorem</strong></span> <span class='ocrx_word' id='word_1_303' title='bbox 2038 3968 2288 4039; x_wconf 76' lang='lat' dir='ltr'><strong>inquirere</strong></span> 
     </span>
     <span class='ocr_line' id='line_1_34' title="bbox 141 4047 2147 4122; baseline -0.004 -12"><span class='ocrx_word' id='word_1_304' title='bbox 141 4056 277 4110; x_wconf 78' lang='lat' dir='ltr'><strong>Vide</strong></span> <span class='ocrx_word' id='word_1_305' title='bbox 299 4053 632 4110; x_wconf 77' lang='lat' dir='ltr'><strong>Aristotelem</strong></span> <span class='ocrx_word' id='word_1_306' title='bbox 653 4053 678 4106; x_wconf 81' lang='grc' dir='ltr'>Ι</span> <span class='ocrx_word' id='word_1_307' title='bbox 701 4051 910 4106; x_wconf 76' lang='lat' dir='ltr'><strong>Rhetor.</strong></span> <span class='ocrx_word' id='word_1_308' title='bbox 934 4073 980 4108; x_wconf 81' lang='lat' dir='ltr'><strong>c.</strong></span> <span class='ocrx_word' id='word_1_309' title='bbox 1009 4070 1028 4103; x_wconf 90' lang='grc' dir='ltr'>ι</span> <span class='ocrx_word' id='word_1_310' title='bbox 1043 4073 1082 4106; x_wconf 87' lang='grc' dir='ltr'><strong>ι.</strong></span> <span class='ocrx_word' id='word_1_311' title='bbox 1107 4051 1169 4104; x_wconf 84' lang='lat' dir='ltr'><strong>L.</strong></span> <span class='ocrx_word' id='word_1_312' title='bbox 1271 4069 1336 4103; x_wconf 75' lang='lat' dir='ltr'><strong>an</strong></span> <span class='ocrx_word' id='word_1_313' title='bbox 1361 4049 1543 4104; x_wconf 81' lang='lat' dir='ltr'><strong>habeat</strong></span> <span class='ocrx_word' id='word_1_314' title='bbox 1560 4048 1868 4122; x_wconf 75' lang='lat' dir='ltr'><strong>voluptatem</strong></span> <span class='ocrx_word' id='word_1_315' title='bbox 1893 4050 2026 4104; x_wconf 79' lang='lat' dir='ltr'><strong>cirea</strong></span> <span class='ocrx_word' id='word_1_316' title='bbox 2048 4069 2101 4101; x_wconf 78' lang='lat' dir='ltr'><strong>se</strong></span> <span class='ocrx_word' id='word_1_317' title='bbox 2124 4047 2147 4101; x_wconf 68' lang='grc' dir='ltr'>ἓ</span> 
     </span>
    </p>
   </div>
   <div class='ocr_carea' id='block_1_8' title="bbox 2342 1928 2403 1977">
    <p class='ocr_par' dir='ltr' id='par_1_9' title="bbox 2342 1928 2403 1977">
     <span class='ocr_line' id='line_1_35' title="bbox 2342 1928 2403 1977; baseline -0.016 0"><span class='ocrx_word' id='word_1_318' title='bbox 2342 1928 2403 1977; x_wconf 79' lang='lat'><strong>25</strong></span> 
     </span>
    </p>
   </div>
   <div class='ocr_carea' id='block_1_9' title="bbox 2344 2849 2408 2900">
    <p class='ocr_par' dir='ltr' id='par_1_10' title="bbox 2344 2849 2408 2900">
     <span class='ocr_line' id='line_1_36' title="bbox 2344 2849 2408 2900; baseline 0 0"><span class='ocrx_word' id='word_1_319' title='bbox 2344 2849 2408 2900; x_wconf 73' lang='grc' dir='ltr'><strong>αὖ</strong></span> 
     </span>
    </p>
   </div>
  </div>
 </body>
</html>
