2667 4475
516 634 632 738 L.
722 632 1224 742 ANNAEI
1303 638 1921 744 SENECAE

901 951 1032 1023 An
1053 978 1062 985 ·
1081 914 1539 1025 LuchM

154 1158 1182 1413 EPISTOLAE
1319 1265 2292 1416 MORALES.

655 1966 1254 2052 EPISTOLA
1320 1967 1809 2051 LXXXIX.

1089 2230 1355 2249 —a-Q—-m

328 2541 729 2583 muosoPmAE
762 2541 973 2581 mvlsm
1007 2545 1020 2580 :
1058 2539 1132 2577 DE
1169 2539 1314 2578 Luxu
1346 2539 1415 2577 m·
1450 2537 1717 2578 AvAnt'nA
1751 2541 1869 2578 SUAE
1904 2539 2135 2577 AE‘rans.

223 2651 448 2736 Roganti
471 2660 640 2714 amico
655 2699 672 2726 ,
698 2671 755 2710 ut
778 2657 1048 2712 discrimen
1071 2657 1284 2730 explicet
1308 2657 1652 2730 Philosophia
1676 2671 1725 2710 et
1760 2657 2032 2732 Sapientiae
2050 2697 2065 2722 ,
2096 2657 2165 2710 ita
2186 2657 2315 2710 illud

158 2747 322 2799 statuit
342 2785 356 2810 ,
396 2757 457 2797 ut
489 2745 557 2796 sit
589 2741 682 2796 illa
711 2741 935 2796 studium
973 2741 1175 2794 virtutis
1195 2781 1209 2808 ,
1239 2741 1347 2795 haee
1374 2741 1515 2794 illius
1550 2741 1756 2794 effectus
1790 2755 1838 2795 et
1867 2743 2147 2817 praemium.
2169 2743 2314 2796 Illius

154 2827 362 2898 quidem
385 2839 490 2878 tres
515 2837 708 2895 partes,
734 2824 1012 2888 moralem,
1048 2824 1328 2878 naturalem
1357 2836 1405 2877 et
1426 2824 1731 2878 rationalem
1767 2825 2008 2878 constitui
2039 2827 2187 2878 affert
2206 2863 2223 2888 ,
2251 2823 2315 2878 ab

159 2911 264 2964 aliis
289 2911 456 2964 aliter.
481 2909 692 2962 Senecae
717 2908 1012 2979 tripartitam
1038 2927 1140 2960 esse
1164 2909 1326 2982 placet
1351 2928 1599 2980 :quarum
1622 2931 1877 2982 quamque
1898 2929 2068 2962 rursus
2094 2909 2312 2976 dividit,

157 2997 410 3049 moralem
431 2995 488 3047 in
515 3008 613 3047 tres
637 3031 652 3057 ,
684 2991 966 3046 naturalem
991 2991 1046 3045 in
1071 2993 1196 3045 duas
1214 3031 1228 3057 ,
1255 2991 1553 3046 rationalem
1582 3013 1620 3046 s.
1643 2992 1885 3067 Logicam
1915 2992 1971 3046 in
1999 2991 2317 3048 Dialecticen

157 3093 202 3132 et
227 3079 564 3134 Rhetorieen.
589 3077 720 3146 Quae
745 3078 918 3129 omnia
941 3097 1232 3148 quanquam
1253 3077 1431 3135 suadet
1454 3090 1511 3130 ut
1526 3077 1661 3150 legat
1681 3079 1899 3141 amicus,
1918 3091 2091 3131 tamen
2109 3091 2311 3140 monet,

157 3179 210 3218 ut
229 3167 298 3218 ad
321 3183 494 3218 mores
518 3177 568 3216 et
591 3183 708 3216 suos
745 3176 794 3216 et
818 3161 1050 3236 publicos
1075 3161 1423 3228 emendandos
1448 3163 1688 3216 omnibus
1712 3175 1899 3230 utatur,
1927 3175 2075 3234 atque
2104 3163 2320 3216 divitia-

157 3272 272 3305 rum
301 3251 555 3320 luxusque
580 3249 932 3322 cupidissimos
956 3247 1174 3319 castiget.

220 3338 342 3388 Jam
369 3335 463 3387 etsi
489 3334 730 3387 accuratis
754 3346 806 3386 et
823 3331 1168 3385 subtilioribus
1201 3330 1546 3406 Philosophiae
1571 3331 1847 3387 cultoribus
1872 3347 2041 3387 noster
2062 3335 2147 3387 vix
2166 3333 2323 3386 satir-

158 3421 334 3474 fecisse
359 3419 526 3472 videri
557 3417 766 3482 debeat,
794 3413 1212 3487 quandoquidem
1239 3417 1486 3491 principia
1515 3417 1780 3472 divisionis
1807 3439 1913 3471 non
1936 3419 2051 3472 satis
2074 3417 2323 3472 subtiliter

157 3505 388 3576 posuerit
426 3503 787 3574 deduxeritque
815 3541 830 3568 ,
871 3514 1042 3555 tamen
1085 3515 1409 3575 conspectum
1446 3495 1842 3574 haudquaquam
1886 3505 2321 3556 contemnendum

160 3589 304 3640 dedit
321 3628 336 3654 ,
361 3605 458 3640 nec
484 3585 764 3658 quidquam
797 3585 936 3638 aliud
959 3585 1192 3638 daturum
1212 3605 1320 3639 sese
1346 3588 1597 3658 professus
1619 3599 1705 3638 est.
1730 3591 1895 3658 Atque
1918 3587 1962 3640 si
1986 3585 2075 3658 qui
2106 3587 2209 3638 sint
2233 3586 2322 3656 qui

159 3674 326 3724 multa
351 3671 406 3724 in
429 3671 524 3724 hac
545 3669 799 3724 divisione
817 3670 1045 3724 omisisse
1065 3690 1182 3724 eum
1200 3683 1494 3740 querantur,
1513 3670 1552 3721 ii
1575 3671 1817 3740 cogitent,
1842 3689 2037 3740 quaeso,
2066 3671 2133 3723 ea'
2147 3670 2322 3722 omnia

161 3757 558 3828 haudquaquam
598 3755 799 3808 latuisse
839 3767 1068 3807 nostrum
1089 3793 1105 3822 ‚
1143 3769 1435 3826 veteresque
1466 3755 1827 3829 philosophos,
1860 3757 1951 3810 sed
1991 3778 2099 3810 non
2128 3758 2223 3810 sub
2260 3757 2320 3808 iis

170 3861 250 3894 eos
273 3843 433 3895 titulis
457 3841 680 3916 posuisse
697 3881 712 3905 ‚
737 3840 920 3912 quibus
944 3839 1102 3892 nostri
1128 3859 1186 3896 ea
1218 3841 1472 3913 assignare
1498 3842 1679 3894 solent.
1704 3841 1791 3894 Sic
1812 3842 1947 3915 leges
1970 3842 2231 3914 cogitandi
2266 3841 2321 3892 in

171 3927 278 3980 loeo
309 3927 400 4000 qui
427 3939 538 3980 erat
559 3927 626 3980 de
645 3927 820 3980 animo
849 3937 1198 3979 tractaverunt.

235 4009 310 4062 Cf.
339 4011 688 4064 Tiedemanni
715 4009 924 4079 System
958 4011 1052 4061 der
1079 4008 1280 4060 stoisch.
1319 4007 1513 4060 Plailos.
1534 4007 1557 4058 I
1579 4044 1594 4070 ,
1618 4029 1667 4078 p.
1693 4027 1715 4059 ι
1743 4027 1851 4078 sqq.
1885 4019 1935 4060 et
1959 4005 2321 4060 amicissimum

167 4091 410 4146 Buhlium
437 4093 492 4145 iu
517 4091 880 4146 Commentatt.
905 4091 1024 4142 Soc·
1049 4091 1174 4161 Reg.
1197 4090 1431 4158 Gotting.
1453 4091 1549 4142 To.
1576 4089 1650 4141 xl
1667 4128 1683 4155 ‚
1708 4111 1757 4163 p.
1778 4092 1875 4155 ²54
1895 4110 2005 4160 sqq.
