2667 4475
450 351 583 442 498
1184 343 1490 414 JUSTI
1539 343 1860 414 LIPSII

450 491 726 552 Hinntim
768 489 930 552 Felix
966 489 1213 574 eleganti
1260 489 1358 550 illo
1405 489 1646 570 Dialogo
1692 493 2104 573 tranueriptit.
2139 491 2256 554 Est
2289 495 2460 576 igitur
2485 495 2564 552 h

446 601 681 670 omnin
716 611 777 658 et
812 597 895 658 sie
928 595 1207 680 Virgilius
1236 619 1257 656 ε

772 753 981 822 Spiritus
999 753 1129 802 intua
1146 751 1234 801 alit
1250 788 1265 813 ,
1292 757 1544 820 totamque
1568 750 1725 803 infusa
1741 769 1828 822 per
1847 758 1980 804 arms

774 845 907 893 Mens
924 843 1075 910 agitat
1094 842 1295 893 molem.

448 987 523 1046 Et
563 987 760 1046 Cicero
776 984 990 1068 (Acad.
1018 985 1079 1044 11
1098 1029 1115 1060 ,
1138 983 1177 1066 S
1205 1005 1226 1044 1
1247 1005 1319 1069 ¹9
1339 983 1365 1066 )
1389 1007 1405 1043 ε
1433 1011 1462 1040 α
1481 985 1766 1045 Mundum
1789 1006 1912 1046 esse
1929 985 2303 1068 Sapientem,
2327 988 2563 1048 etl-alme

447 1105 695 1154 mentem
717 1138 733 1169 ,
768 1113 893 1174 quae
916 1105 1055 1152 etse
1071 1136 1088 1167 ,
1115 1105 1175 1152 et
1192 1093 1382 1174 ipsum
1401 1089 1672 1152 fabricata
1694 1094 1766 1152 sit
1793 1106 1850 1154 et
1869 1095 2060 1154 omnia
2081 1095 2456 1168 moderetur,
2475 1117 2563 1153 mo-

440 1215 603 1274 veat,
638 1213 816 1282 regat.
852 1227 880 1252 ι»
916 1200 1194 1260 Mundum
1218 1245 1233 1268 ‚
1271 1199 1488 1280 inquit,
1505 1197 1812 1280 fabn'cata
1849 1211 1936 1260 est
1971 1224 1991 1260 .·
2021 1203 2250 1262 scimus
2269 1248 2289 1276 ,
2325 1203 2426 1263 sed
2449 1200 2561 1283 quod

436 1309 632 1390 praeit,
668 1318 725 1371 et
761 1330 823 1368 se
844 1305 1205 1388 fabricatam
1254 1327 1378 1365 esse
1403 1349 1419 1380 ‚
1459 1328 1574 1388 quo
1617 1329 1790 1366 sensu
1819 1328 2018 1366 verum
2057 1309 2172 1368 erit
2193 1309 2222 1367 2
2259 1311 2408 1369 Nam
2439 1308 2562 1366 Mens

436 1415 669 1498 quidem
702 1415 799 1474 illa
830 1425 1040 1474 aeterna
1067 1435 1085 1474 t
1109 1414 1219 1472 nisi
1248 1413 1388 1472 velit
1409 1455 1426 1488 ,
1464 1412 1526 1471 in
1559 1414 1855 1472 exustione
1879 1413 2088 1472 Mundi
2109 1458 2128 1486 ,
2161 1413 2328 1474 hanc
2351 1415 2558 1474 Mentem

440 1520 733 1582 confusam
761 1543 891 1582 eum
906 1520 1148 1580 Materie
1176 1518 1372 1580 sedem
1397 1531 1456 1578 et
1477 1516 1836 1600 splendorem
1858 1517 2116 1579 nondum
2137 1519 2373 1581 habere
2393 1546 2408 1592 i
2425 1519 2562 1578 fabri-

440 1650 569 1688 care
598 1649 665 1686 ea
684 1627 791 1686 sibi
826 1639 883 1686 et
908 1626 1210 1708 disponere
1238 1626 1299 1684 in
1329 1623 1559 1684 condito
1583 1625 1702 1704 jam
1729 1623 1964 1682 mundo.
1991 1623 2105 1685 Sed
2130 1628 2457 1710 simplicius
2478 1625 2562 1684 sor-

434 1747 582 1794 tasse
614 1735 785 1794 scribi
808 1756 824 1791 =
846 1751 971 1814 quoe
990 1743 1051 1792 et
1066 1733 1247 1811 ipsum
1262 1729 1595 1811 fabricata.
1631 1731 1709 1790 At
1737 1728 1830 1789 his
1859 1732 2032 1790 etiam
2059 1733 2407 1794 nominibus
2421 1733 2562 1792 salim

438 1839 719 1898 Firmicus
740 1881 759 1912 ‚
775 1838 1152 1918 juratissimus
1182 1835 1402 1896 Stoicus
1423 1879 1440 1910 ‚
1477 1836 1665 1896 Deum
1695 1835 1968 1896 describit
1985 1834 2128 1918 (lib.
2157 1839 2190 1896 1
2210 1884 2230 1914 ,
2259 1839 2494 1900 Mathai.
2511 1836 2558 1914 ):

444 1973 473 1999 ιι
507 1945 677 2004 Mens
707 1945 805 2004 illa
837 1943 1031 2004 divina
1048 1987 1065 2018 ‚
1100 1943 1457 2024 Animusque
1497 1943 1730 2002 caelestis
1762 1965 1868 2024 per
1893 1918 2064 2002 omne
2093 1947 2312 2006 mundi
2351 1965 2557 2026 eorpus-

436 2051 498 2110 in
532 2050 767 2110 modum
810 2049 1008 2111 circuli
1050 2049 1353 2108 collocatus
1371 2091 1388 2122 ,
1423 2061 1483 2108 et
1520 2070 1674 2108 nunc
1707 2048 2046 2110 intrinsecus
2087 2052 2324 2130 positus
2347 2095 2366 2126 ,
2399 2063 2556 2110 cuncta

438 2155 584 2241 regit
622 2167 793 2237 atque
824 2154 1114 2237 componit
1146 2175 1162 2211 ε
1202 2166 1259 2212 et
1296 2153 1529 2234 propria
1563 2153 1799 2238 originis
1825 2156 2198 2237 generatione
2243 2170 2556 2239 conceptus,

436 2284 498 2323 se
534 2262 609 2321 ad
648 2258 891 2341 creanda
924 2272 981 2319 et
1018 2258 1418 2319 conservanda.
1451 2259 1642 2319 omnia
1664 2302 1682 2333 ‚
1719 2260 1897 2341 ignita
1927 2272 1985 2318 et
2022 2264 2384 2343 sempiterna
2417 2264 2558 2343 agita-

434 2372 591 2431 tione
623 2352 945 2451 perpetuat.
982 2392 1011 2420 ιι
1042 2366 1179 2441 Quae
1209 2365 1384 2425 verba
1415 2365 1588 2425 rebus
1631 2366 1766 2425 foeta
1793 2378 1852 2425 et
1880 2365 2114 2449 gravida
2131 2411 2150 2439 ‚
2185 2368 2496 2450 aperienda
2519 2378 2556 2424 et

440 2475 737 2537 educenda
777 2475 981 2535 leviter
1018 2472 1080 2531 in
1110 2472 1297 2531 lucem
1334 2482 1489 2531 sunt.
1525 2469 1597 2529 In
1629 2471 1859 2529 modum
1897 2472 2097 2531 circuli
2123 2472 2377 2534 collocat
2409 2498 2426 2531 ε
2455 2473 2556 2553 quia

436 2586 497 2643 in
520 2582 749 2643 AEthere
774 2580 1091 2660 Principale
1119 2576 1227 2637 hoe
1254 2575 1428 2659 (mox
1462 2574 1807 2658 dicendum)
1845 2590 2084 2659 ponunt.
2123 2578 2314 2639 Addit
2331 2626 2349 2655 ,
2389 2580 2556 2640 abtrah-

436 2712 597 2751 secus
628 2700 685 2748 et
712 2689 1059 2749 exm’mecus
1093 2705 1215 2744 esse
1240 2727 1258 2758 ‚
1298 2684 1360 2743 id
1391 2696 1513 2758 est‘‚
1547 2685 1608 2743 in
1637 2682 1862 2743 Mundo
1881 2728 1898 2759 ,
1939 2696 1996 2745 et
2035 2698 2200 2747 extra
2235 2708 2376 2747 eum
2401 2687 2456 2745 in
2475 2683 2556 2741 Va-

440 2818 549 2857 cuo
580 2794 715 2857 ferri
753 2819 769 2853 :
810 2808 982 2877 atque
1014 2806 1080 2853 ut
1107 2792 1322 2853 Seneca
1352 2792 1605 2872 loquitur
1635 2790 1701 2873 (1
1740 2792 1941 2851 Natur.
1979 2792 2192 2867 Quaest.
2229 2795 2294 2855 in
2333 2790 2556 2865 Prata)

446 2932 475 2960 ιι
500 2904 661 2987 Opus
680 2924 849 2963 suum
876 2902 1021 2961 intra
1047 2912 1105 2959 et
1134 2911 1297 2961 extra
1322 2910 1540 2957 tenere.
1573 2919 1602 2949 a
1627 2896 1854 2957 Deinde
1873 2941 1892 2971 ,
1907 2899 2140 2979 proptia
2165 2902 2404 2980 on‘gz’mk
2417 2920 2556 2979 geae-

438 3012 651 3073 ratione
684 3016 1005 3089 conceptum
1024 3028 1043 3065 .-
1066 3004 1223 3087 quod
1255 3024 1393 3063 saue
1423 3004 1521 3063 illa
1553 3002 1727 3061 Tullii
1761 3002 2007 3063 affirmat
2021 3046 2038 3077 ,
2073 3016 2174 3062 aut
2207 3008 2454 3089 explicat
2473 3052 2486 3073 ‚
2515 3016 2554 3059 et

438 3119 557 3199 jam
584 3117 669 3177 nil
696 3126 1001 3175 mutemus.
1034 3110 1123 3177 Ita
1151 3111 1305 3169 enim
1334 3121 1393 3169 et
1418 3108 1636 3169 Seneca
1666 3108 1726 3168 in
1768 3108 1996 3191 Fragm.
2035 3128 2146 3169 ιη.
2179 3110 2492 3193 Conceptus
2515 3120 2554 3165 et

442 3224 668 3305 genitus
686 3265 703 3297 ,
727 3220 831 3280 sed
848 3241 883 3279 a
905 3239 967 3277 se
989 3217 1103 3276 dici
1131 3226 1319 3298 potest
1340 3237 1356 3273 ε
1381 3216 1516 3297 quia
1538 3216 1597 3274 in
1629 3213 1786 3274 Chao
1803 3258 1820 3291 ,
1843 3227 1909 3275 ut
1922 3214 2042 3275 dixi
2061 3258 2077 3291 ,
2103 3236 2288 3296 quum
2307 3219 2368 3277 in
2391 3218 2552 3297 Ignem

442 3331 637 3389 omnin
668 3350 831 3391 versa
854 3372 871 3403 ,
906 3339 964 3409 ²5
987 3327 1110 3409 ipse
1145 3323 1355 3385 deinde
1391 3322 1548 3405 Ignis
1580 3324 1640 3382 in
1662 3324 1885 3405 Aquam
1903 3321 2088 3405 (infra
2105 3366 2122 3397 ,
2147 3323 2253 3384 lib.
2283 3325 2346 3384 11
2363 3368 2382 3399 ,
2403 3322 2554 3403 expli—

445 3429 667 3513 canda)
684 3450 827 3513 opus
854 3428 1028 3491 habet
1053 3449 1179 3489 sese
1206 3426 1451 3486 educere
1468 3469 1484 3500 ,
1505 3438 1564 3485 et
1587 3426 1820 3507 puritati
1841 3426 2090 3507 pristine
2109 3448 2364 3489 asserere
2379 3472 2396 3503 ,
2415 3440 2552 3507 atque

442 3539 523 3598 ita
547 3536 794 3619 quodam
820 3556 994 3595 sensu
1012 3578 1029 3609 ,
1060 3554 1357 3617 generare.
1382 3530 1497 3591 Sed
1526 3532 1672 3591 utin
1700 3552 1762 3591 re
1781 3552 2018 3615 pergam
2035 3576 2052 3607 ,
2081 3530 2173 3593 his
2192 3532 2334 3615 ipsis
2355 3532 2548 3595 vocibus

446 3643 663 3704 Seneca
690 3640 895 3715 afficit,
934 3652 993 3699 et
1022 3639 1223 3700 Jovem
1252 3639 1505 3719 appellat
1537 3664 1566 3695 ιι
1597 3638 1866 3698 Animum
1905 3660 1972 3699 ac
1998 3636 2274 3721 Spiritum
2309 3636 2546 3701 mundani

446 3749 617 3831 hujus
634 3748 821 3830 operis
838 3791 857 3821 ,
886 3772 913 3799 ›-
950 3758 1011 3805 et
1032 3765 1210 3829 quare
1242 3746 1433 3805 omnia
1457 3744 1598 3805 ista?
1630 3746 1764 3827 quia
1787 3746 1873 3805 ire
1893 3744 2164 3806 volebant
2193 3759 2252 3808 et
2269 3764 2548 3807 commeare

443 3880 551 3940 per
572 3856 765 3917 omnia
780 3899 799 3929 ,
825 3864 996 3935 atque
1015 3865 1080 3913 ut
1100 3850 1289 3911 verbis
1311 3852 1538 3911 illorum
1562 3852 1747 3913 dicam
1767 3851 1864 3933 (in
1885 3850 2144 3934 Laertio)
2168 3878 2184 3911 ε
2211 3882 2240 3909 α
2267 3876 2369 3935 per
2389 3852 2546 3912 omnia

445 3963 655 4025 Mundi
684 3960 941 4023 membra
971 3959 1227 4021 Mentem
1260 3958 1552 4039 pertinere
1569 4002 1586 4033 ,
1634 3971 1695 4019 ut
1738 3960 1799 4021 in
1827 3958 1994 4019 nobis
2037 3958 2183 4020 banc
2223 3962 2492 4021 Animam.
2525 3984 2542 4007 ν

442 4070 587 4128 Nota
610 4112 628 4143 ‚
672 4080 841 4139 nota3
884 4078 969 4126 est
1003 4066 1193 4147 magni
1236 4062 1404 4143 hujus
1445 4065 1652 4126 Mundi
1693 4087 1794 4125 sua
1839 4066 2096 4149 quaedam
2139 4070 2336 4129 Anima
2361 4112 2380 4141 ‚
2411 4080 2468 4127 ut
2502 4064 2544 4120 in
