2667 4475
549 298 684 391 574
1287 292 1587 365 JUSTI
1634 292 1953 364 LIPSII

543 440 650 501 via
675 438 893 521 aliquid
918 439 1169 499 clarius?
1206 440 1486 522 iteratque
1515 436 1649 499 alibi
1676 482 1693 511 ,
1728 450 1785 498 et
1816 452 1980 499 vocat

879 577 1088 643 ἀκεανὸν
1109 610 1156 642 τι
1181 592 1306 641 ,θεόν
1329 589 1503 651 γε’νεσιν
1526 586 1599 640 καὶ
1624 587 1801 656 μητῖρι
1828 588 1992 644 vno-152·

869 680 1119 731 Oceanum
1137 678 1276 728 Divis
1297 678 1511 745 genesim
1526 712 1541 739 ,
1566 682 1775 729 matrem
1792 684 1845 727 et
1858 677 2119 728 nutricem.

537 812 631 871 Dii
665 822 722 870 et
749 804 922 869 Genii
953 829 1024 867 ex
1061 806 1155 867 illo
1176 809 1288 867 orti
1315 804 1486 890 (nam
1516 820 1573 867 et
1604 806 1665 867 hi
1690 826 1762 867 ex
1782 805 2060 890 Materie)
2084 818 2265 889 atque
2294 808 2439 868 etiam
2460 828 2569 887 vapn-

533 914 842 976 rationibus
874 915 996 993 ejus
1027 914 1274 972 aluntur.
1309 911 1601 972 Postrema
1645 924 1835 973 autem
1874 914 2001 993 ipsa
2028 913 2209 973 verba
2236 956 2254 987 ,
2286 912 2355 973 dc
2380 912 2521 972 Mam
2543 927 2571 967 et

533 1020 771 1081 Nutricc
790 1066 805 1089 ,
845 1019 1006 1078 Plato
1047 1020 1104 1076 in
1138 1017 1352 1077 Timaeo
1384 1020 1727 1099 assumpsit,
1759 1030 1819 1077 et
1855 1017 2110 1077 Materiae
2152 1018 2379 1099 aptavit.
2406 1017 2513 1091 Quin
2538 1032 2569 1072 et

527 1126 832 1187 Barbariea
867 1138 1029 1187 vetus
1063 1120 1420 1206 philosophia
1455 1125 1517 1183 in
1559 1123 1666 1184 hac
1716 1137 1901 1206 parte.
1956 1152 1984 1178 a
2018 1120 2447 1185 Brachmauibns
2478 1122 2567 1201 apud

529 1228 704 1293 Indos
734 1258 762 1286 n
785 1275 804 1305 ‚
827 1234 906 1292 ait
924 1228 1122 1293 Strabo
1145 1272 1163 1304 ,
1193 1256 1221 1283 ιι
1249 1226 1487 1289 aliarum
1510 1230 1764 1289 omnium
1786 1251 1976 1289 rerum
1998 1231 2113 1290 alia
2136 1230 2421 1313 principia,
2438 1227 2565 1289 Mundi

529 1352 718 1399 autem
749 1360 918 1420 aqua.
959 1363 988 1390 ν
1017 1336 1131 1397 Sed
1169 1355 1413 1417 quarum
1446 1358 1637 1396 rerum
1664 1334 1819 1395 alia?
1846 1336 2019 1396 credo
2056 1336 2401 1420 singularum
2420 1356 2565 1395 mum·

525 1468 652 1529 quae
686 1468 760 1505 ex
787 1444 1102 1505 Elemcntis
1129 1468 1144 1515 ;
1174 1452 1239 1503 ut
1267 1442 1343 1502 ad
1375 1442 1638 1523 proxima
1673 1444 1953 1525 principia
1979 1442 2089 1503 hoc
2112 1444 2403 1505 referatur.
2427 1442 2517 1503 Jam
2536 1452 2565 1496 et

527 1549 779 1635 AEgyptii
815 1550 1023 1635 (Philo
1053 1557 1212 1610 notat
1245 1546 1337 1609 De
1375 1550 1509 1610 Vita
1536 1548 1754 1629 Moysis
1784 1546 1845 1632 Ι)
1874 1572 1891 1607 2
1920 1576 1950 1603 αι
1982 1551 2215 1632 Aquam
2239 1552 2428 1611 eximie
2442 1548 2566 1605 ωΙιιο-

527 1673 662 1720 runt
684 1703 701 1732 ,
733 1657 1078 1741 principium
1116 1654 1385 1716 Universi
1417 1658 1797 1739 generationis
1831 1678 1955 1715 eam
1988 1670 2314 1719 censentes.
2342 1684 2367 1709 υ
2402 1654 2487 1715 sed
2506 1674 2563 1732 pm

515 1750 642 1825 'tota
662 1766 978 1825 Stoicorum
999 1764 1300 1835 sententia,
1325 1762 1543 1822 Seneca
1562 1762 1878 1823 audiendus
1893 1760 2015 1845 (III
2038 1760 2259 1837 Quzest.
2282 1764 2400 1823 Nat.
2416 1785 2456 1819 c.
2478 1758 2561 1837 133:

528 1897 556 1925 a
581 1870 746 1951 Aqua
766 1914 784 1945 ,
811 1873 892 1929 ait
909 1868 1116 1931 Thales
1139 1913 1156 1942 ,
1189 1870 1637 1929 valentissimum
1665 1870 2009 1931 elementum
2046 1882 2173 1942 est;
2198 1871 2303 1930 hoc
2328 1870 2467 1930 fuisse
2486 1866 2563 1945 pri-

523 1998 682 2037 mum
709 1988 872 2058 putat
891 2020 908 2049 ,
939 1999 1012 2037 ex
1037 1976 1146 2036 hoc
1174 1978 1487 2037 surrexisse
1526 1977 1737 2035 omnia.
1778 1972 1892 2037 Sed
1931 1988 1989 2037 et
2020 1996 2127 2037 nos
2158 1998 2376 2059 quoque
2398 1968 2559 2057 (sinicii

523 2094 624 2142 aut
649 2084 711 2143 in
751 2082 950 2143 eadem
979 2084 1259 2144 sententia
1287 2126 1304 2157 ,
1350 2095 1448 2142 aut
1488 2084 1549 2141 in
1586 2082 1788 2141 ultima
1828 2102 2043 2141 sumus.
2076 2108 2105 2135 t·
2154 2084 2364 2144 Ultima
2382 2126 2399 2155 ,
2422 2102 2475 2139 ex
2498 2078 2561 2135 ht

521 2212 729 2272 nempe
759 2190 950 2250 omnia
988 2190 1322 2251 surrexisse.
1374 2188 1502 2266 Quo
1531 2188 1739 2252 ducere
1789 2198 1848 2250 et
1884 2188 2193 2250 Manilium
2226 2189 2423 2272 possis,
2448 2186 2559 2246 imm

523 2297 729 2358 debeas
759 2295 904 2378 (lib.
939 2295 1012 2378 I)
1043 2319 1060 2356 ι

846 2445 946 2494 Seu
965 2444 1128 2513 liquor
1147 2445 1242 2498 hoe
1259 2446 1450 2514 peperit
1467 2481 1483 2507 ,
1505 2447 1607 2496 sine
1628 2463 1730 2515 qno
1751 2449 1878 2514 riget
1898 2447 2034 2498 arida
2051 2465 2217 2500 rerum

765 2569 773 2578 .
841 2529 1062 2585 Materies
1077 2571 1092 2596 ‚
1117 2535 1375 2603 ipsumque
1398 2541 1541 2585 vocat
1554 2573 1569 2597 ,
1594 2551 1696 2604 quo
1718 2537 1921 2588 solvitur
1935 2573 1951 2599 ,
1974 2539 2166 2605 Ignem.

518 2667 678 2727 Inter
714 2668 994 2727 variantes
1034 2669 1341 2728 sententias
1376 2665 1586 2728 Mundi
1614 2667 1862 2744 conditi,
1896 2692 2004 2731 nec
2034 2671 2280 2730 Stoicam
2308 2661 2473 2728 omittit
2492 2683 2503 2716 =
2522 2669 2554 2714 t!

514 2771 644 2834 Sive
666 2817 683 2847 ,
715 2775 900 2854 inquit
921 2818 938 2850 ,
975 2776 1140 2856 Aqua
1167 2775 1392 2834 initium
1422 2775 1593 2834 rebus
1621 2773 1727 2834 suit
1744 2819 1760 2850 ‚
1792 2775 1852 2836 in
1879 2798 2051 2859 quam
2076 2776 2317 2837 Materia
2340 2794 2392 2834 se
2412 2765 2549 2828 verfiss

515 2901 640 2962 quae
689 2878 896 2939 deinde
943 2891 1103 2942 vocat
1140 2878 1256 2962 (ita
1301 2880 1536 2963 legerim
1558 2924 1575 2953 ,
1624 2902 1740 2941 non
1781 2876 1972 2965 vorat)
2016 2885 2137 2942 sive
2187 2879 2401 2942 adhibet
2430 2878 2549 2956 ipsum

516 2985 754 3068 Ignem,
792 2987 892 3070 qui
927 2987 1166 3047 destruit
1183 3031 1201 3062 ,
1235 3001 1292 3047 et
1321 2989 1383 3047 in
1424 2983 1606 3048 varias
1628 2983 1834 3048 formas
1862 3002 2061 3050 mutat.
2088 2983 2253 3062 Sive,
2280 2986 2367 3069 qui
2388 2981 2549 3044 subita

515 3091 754 3154 destruit
772 3136 789 3167 ,
833 3093 893 3152 in
925 3097 1224 3176 ἐκπυρώσει.
1261 3093 1464 3176 Neque
1494 3091 1652 3154 aliud
1690 3093 1863 3153 Stoici
1894 3096 2256 3156 decantatum
2282 3091 2405 3154 illud
2428 3086 2550 3146 Cbm'

513 3198 1027 3282 interpretabantur
1045 3243 1060 3272 ,
1097 3222 1270 3282 quam
1304 3194 1455 3260 hane
1486 3221 1692 3282 aquam
1710 3223 1731 3260 .·
1752 3221 1868 3260 non
1900 3199 2057 3263 illam
2092 3201 2382 3263 Elementi.
2415 3191 2547 3253 Phssfl-

511 3327 644 3366 nem
664 3307 742 3366 ita
763 3307 896 3366 audi
922 3303 1021 3390 (de
1046 3305 1475 3367 Immortalitate
1498 3301 1743 3389 Mundi)
1764 3329 1781 3366 ε
1808 3333 1837 3362 κ
1858 3307 2105 3383 Quidam
2125 3309 2410 3369 Stoicorum
2427 3297 2545 3358 (ΠΜ

513 3411 837 3474 existimant
867 3415 1088 3494 Aquam
1124 3433 1279 3488 esse,
1311 3435 1345 3472 a
1369 3410 1587 3472 fusione
1610 3411 1822 3472 factum
1852 3435 2061 3474 nomen
2094 3415 2419 3474 arbitrantes.
2438 3431 2457 3458 ⁸
2475 3395 2543 3458 Sd

509 3517 649 3598 quid
671 3519 788 3597 jam
819 3519 1019 3600 Aqua?
1043 3521 1232 3602 pergit
1259 3519 1516 3580 Laertius
1542 3541 1560 3576 ε
1587 3515 1769 3580 Deum
1796 3521 1898 3604 qui
1920 3521 2207 3581 seminalis
2234 3517 2389 3580 Ratio
2412 3519 2543 3572 δίη·

505 3623 685 3705 linqui
715 3625 774 3683 ίη
803 3625 1050 3685 humido.
1082 3625 1174 3686 De
1199 3625 1328 3685 Deo
1356 3625 1508 3686 enim
1549 3623 1669 3684 haee
1700 3625 1906 3698 verba,
1952 3627 2187 3708 ejusque
2218 3619 2426 3686 Ratione
2448 3607 2539 3694 (εὖ

505 3731 926 3792 obscuriuseula
953 3732 1123 3815 sunt)
1151 3735 1385 3794 omnino
1412 3732 1711 3820 capienda.
1750 3730 1839 3792 Ita
1866 3735 2021 3793 enim
2042 3733 2176 3793 alibi
2206 3735 2323 3816 ipse
2338 3729 2454 3790 zeno
2470 3715 2537 3800 (1¹²

505 3836 661 3897 Stob.
705 3835 907 3921 Phys.)
953 3861 970 3897 ε
1019 3865 1048 3892 α
1075 3838 1183 3898 Per
1210 3835 1514 3899 Materiam
1540 3835 1663 3922 (sic
1710 3836 1990 3921 aqueam)
2028 3838 2334 3900 discurrere
2358 3819 2538 3892 Unica-si

505 3943 800 4005 Rationem
824 3989 840 4018 ‚
899 3965 1069 4025 quam
1109 3947 1284 4027 aliqui
1332 3945 1534 4006 Fatum
1583 3946 1871 4027 appellant
1888 3989 1904 4019 ‚
1950 3957 2219 4026 tanquam
2259 3945 2311 4004 in
2342 3939 2453 4001 [σιω
2478 3949 2536 3989 ⁵0·

502 4068 655 4110 men.
685 4075 712 4104 ιο
749 4051 928 4110 Vides
960 4051 1218 4114 eamdem
1237 4033 1341 4111 'ibi
1376 4053 1677 4134 imaginem
1694 4095 1711 4126 ,
1745 4065 1801 4112 et
1836 4053 1975 4134 ipsis
2018 4053 2203 4114 verbis
2223 4095 2241 4128 ,
2270 4050 2341 4112 uti
2368 4045 2442 4106 hic
2470 4055 2538 4118 1³⁹·
