2667 4475
401 349 406 362 ‘
469 348 958 421 PHYSIOL.
1011 348 1513 420 sTOICOR.
1566 351 1761 420 LIB.
1808 351 1911 419 ΙΙ.
2145 358 2281 450 579

131 518 254 557 esse
282 492 458 577 idque
481 494 804 578 intelligens
818 538 835 569 ,
877 506 936 554 et
965 492 1161 554 divina
1195 492 1563 555 Providentia
1587 495 1975 555 constitutum.
2010 520 2039 549 n
2067 494 2145 559 Et
2174 520 2287 558 sae-

129 607 258 687 pius
289 605 456 665 iterat
472 647 490 677 ‚
539 616 598 663 et
626 604 777 663 inter
813 608 966 685 κύρια
982 644 999 675 ,
1034 601 1306 681 primaria
1324 646 1342 677 ,
1389 601 1654 685 dog-mata
1691 602 1907 663 habent
1954 614 2279 666 sectatores.

131 711 244 773 Sed
265 756 284 786 ,
316 713 430 772 illis
474 712 697 772 omissis
717 755 734 785 ‚
765 710 979 770 Stoicos
1012 708 1312 771 audiamus
1346 734 1364 769 ε
1396 710 1471 771 de
1504 711 1715 792 quibus
1755 713 1835 771 ita
1876 708 2134 773 Laertius
2178 711 2285 795 (in

131 816 300 900 Zen.)
327 843 342 877 ι
371 846 399 874 α
423 818 591 894 Quod
619 830 809 877 autem
828 817 1060 877 Animal
1083 818 1156 876 sit
1173 817 1439 879 ‘Mundus
1470 830 1529 878 et
1554 818 1829 879 rationale
1850 831 1909 879 et
1932 820 2247 881 animatum
2264 864 2285 894 ‚
2376 820 2383 837 '

129 939 187 987 et
223 928 545 1010 intelligens
563 968 581 1000 ,
617 925 818 985 asserit
858 923 1212 1007 Chrysippus
1230 968 1246 998 ‚
1281 936 1340 983 et
1365 925 1744 1007 Apollodorus
1762 970 1780 1001 ,
1819 936 1877 987 et
1922 925 2283 989 Posidonius.

123 1035 362 1095 'Animal
387 1032 622 1115 quidem
649 1033 729 1092 ita
750 1075 768 1107 ,
800 1044 868 1093 ut
893 1033 968 1091 sit
1002 1044 1206 1092 natura
1235 1031 1485 1092 animata
1529 1046 1589 1094 et
1621 1035 1895 1093 sentiens.
1932 1033 2102 1109 Quod
2134 1037 2287 1095 enim

132 1142 390 1200 animans
405 1183 422 1214 ,
455 1161 570 1199 non
607 1140 899 1199 animante
931 1138 1292 1221 praestantius
1325 1148 1413 1198 est
1443 1162 1459 1196 ε
1490 1138 1635 1198 nihil
1662 1151 1855 1199 autem
1886 1138 2112 1199 Mundo
2140 1162 2295 1221 prae-

129 1249 404 1318 stantius3
450 1246 728 1306 Animans
783 1260 870 1307 est
921 1247 1114 1327 igitur.
1160 1244 1493 1305 Animatum
1537 1267 1711 1328 porro
1756 1266 1881 1305 esse
1905 1290 1922 1320 ‚
1971 1246 2157 1327 liquet
2215 1269 2287 1307 ex

128 1367 318 1413 nostra
336 1354 546 1413 Anima
561 1395 578 1427 ‚
605 1374 730 1434 quac
750 1352 1030 1433 particula
1049 1352 1246 1411 avulsa
1268 1365 1357 1411 est
1374 1350 1449 1411 ab
1471 1350 1591 1411 illo.
1617 1350 1869 1411 Boethus
1890 1362 2083 1411 tamen
2102 1350 2254 1411 dixit
2268 1396 2285 1425 ,

127 1483 240 1519 non
285 1480 408 1519 esse
457 1459 706 1519 Animal.
741 1484 771 1512 n
807 1458 988 1519 Vides
1031 1458 1469 1519 affirmationem
1488 1501 1506 1534 ‚
1554 1471 1612 1518 et
1644 1457 1901 1518 additam
1936 1458 2217 1517 rationem
2264 1481 2285 1517 x
2320 1462 2327 1471 '
2369 1519 2385 1534 ‚

129 1566 296 1641 Quod
341 1566 553 1626 animal
597 1565 954 1647 praestantius
981 1586 1101 1625 non
1131 1566 1402 1625 animato.
1436 1566 1487 1624 A
1531 1564 1767 1625 Platone
1806 1584 1875 1625 ea
1906 1566 1993 1625 est
2020 1576 2285 1645 sumpta,

129 1673 188 1731 in
215 1673 430 1733 Timaeo
463 1697 480 1732 z
511 1698 538 1727 α
561 1671 708 1747 Fas,
743 1671 964 1752 inquit,
1007 1693 1124 1731 non
1165 1682 1252 1731 est
1273 1714 1292 1746 ,
1333 1693 1443 1731 nec
1478 1692 1755 1752 umquam
1791 1668 1937 1742 fuit3
1972 1668 2289 1752 quidquam

127 1778 236 1838 nisi
262 1778 712 1860 pulcherrimum
751 1776 942 1837 facere
979 1798 1112 1837 eum
1131 1820 1149 1852 ,
1181 1777 1282 1858 qui
1310 1789 1399 1837 est
1418 1778 1688 1859 optimus.
1710 1776 1904 1851 Quum
1931 1776 2082 1837 hanc
2112 1777 2293 1837 ratio·-

126 1904 260 1945 nem
291 1884 464 1968 igitur
496 1883 789 1945 habuisset
815 1880 1084 1965 (Deus),
1119 1884 1443 1965 reperiebat
1478 1882 1626 1943 nihil
1662 1904 1787 1943 esse
1816 1904 2047 1959 cortun,
2080 1905 2205 1964 quae
2227 1884 2289 1943 in

127 2004 330 2051 natura
362 2004 736 2053 cernerentur
757 2036 776 2067 ,
820 2012 938 2053 non
968 1990 1298 2073 intelligens
1333 1992 1693 2075 intelligente
1714 2034 1737 2067 ,
1774 1991 1837 2053 in
1878 2003 1998 2053 toto
2037 2013 2251 2075 genere
2266 2036 2285 2065 ‚

128 2101 506 2179 prestantius.
537 2100 798 2161 Mentem
823 2110 1015 2159 autem
1043 2097 1128 2158 illi
1153 2098 1238 2159 rei
1258 2098 1591 2179 adjunctam
1612 2122 1741 2161 esse
1761 2100 1887 2161 sine
1908 2100 2102 2159 animo
2126 2098 2289 2161 nefas

129 2226 254 2268 esse
287 2228 304 2265 ε
335 2206 602 2288 quocirca
627 2207 1063 2292 intelligentiam
1089 2206 1152 2266 in
1183 2206 1379 2266 animo
1392 2249 1413 2280 ‚
1446 2206 1705 2268 animum
1731 2206 2011 2268 conclusit
2046 2207 2111 2266 in
2152 2227 2291 2268 cor-

125 2335 267 2394 pore
297 2337 315 2373 z
348 2315 432 2372 sic
465 2327 623 2374 ratus
655 2335 800 2394 opus
824 2313 970 2374 illud
1001 2314 1267 2372 effectum
1295 2333 1423 2372 esse
1454 2313 1930 2394 pulcherrimum.
1959 2338 1989 2366 n
2035 2311 2287 2372 Platonis

127 2419 484 2479 ratiocinatio
517 2431 604 2477 est
627 2441 643 2476 ε
669 2418 828 2476 Deus
854 2419 1105 2498 optimus
1137 2417 1419 2498 optimum
1452 2416 1589 2478 fecit
1615 2441 1633 2477 z
1662 2417 1809 2477 nihil
1834 2431 2037 2480 natura
2063 2419 2289 2480 intelli-

125 2534 300 2607 gente
328 2521 534 2580 melius
564 2545 581 2580 ε
615 2543 750 2604 ergo
789 2521 1046 2580 Mundus
1087 2521 1436 2604 intelligens.
1472 2521 1533 2582 Si
1571 2523 1714 2598 hoc,
1749 2525 1920 2583 etiam
1946 2525 2229 2585 animatus
2264 2551 2284 2586 τ

125 2630 398 2714 quoniam
417 2627 790 2711 intelligentia
809 2628 937 2687 sine
955 2628 1148 2688 anima
1163 2649 1286 2688 esse
1303 2651 1423 2689 non
1436 2641 1644 2710 potest.
1664 2629 2089 2712 Intelligentem
2106 2651 2286 2712 quum

127 2736 268 2796 dicit
283 2779 300 2808 ,
325 2733 684 2794 Rationalem
709 2734 884 2792 sentit
900 2777 916 2808 ‚
941 2732 1098 2814 quod
1115 2747 1410 2796 consonat.
1438 2733 1643 2817 Itaque
1657 2736 1903 2796 Zenonis
1928 2737 2104 2798 verba
2123 2739 2289 2817 ejus-

127 2843 260 2904 dem
303 2843 387 2903 rei
433 2853 568 2902 sunt
589 2887 606 2917 ,
651 2843 713 2901 in
747 2841 919 2902 Sexto
953 2841 1285 2925 Empirico,
1322 2844 1430 2904 ista
1465 2869 1545 2917 ²1“
1564 2843 1660 2920 Si,
1697 2845 1855 2928 quod
1886 2856 1973 2906 est
1999 2847 2295 2928 particeps·

129 2951 362 3011 rationis
385 2994 404 3024 ‚
453 2961 539 3010 est
570 2951 774 3010 melius
821 2971 888 3010 eo
934 2950 1090 3032 quod
1134 2963 1220 3011 est
1259 2951 1415 3012 illius
1454 2973 1658 3034 expers
1691 2977 1709 3012 ι
1742 2965 1829 3012 est
1862 2975 1998 3036 ergo
2028 2950 2288 3014 Mundus

128 3059 412 3140 particeps
433 3057 688 3118 rationis.
715 3055 796 3116 Et
815 3057 1076 3118 similiter
1097 3059 1601 3142 argumentabatur
1616 3059 1679 3120 in
1702 3081 1793 3134 eo,
1815 3058 1969 3140 quod
1990 3072 2079 3118 est
2094 3059 2286 3119 anima

129 3162 455 3246 praeditum,
492 3177 548 3226 et
569 3165 725 3248 quod
747 3165 1153 3226 Inanimatum.
1185 3193 1214 3220 n
1243 3165 1394 3226 Aun.
1425 3165 1628 3250 Neque
1652 3189 1805 3227 nunc
1847 3167 1974 3227 sine
2016 3167 2138 3227 risu
2176 3189 2285 3228 au-

131 3272 226 3332 dio
251 3295 268 3330 2
299 3285 358 3332 et
394 3273 563 3354 quale
599 3271 756 3333 istud
789 3273 1054 3349 Animal,
1091 3285 1149 3334 et
1178 3295 1322 3356 quas
1356 3287 1545 3355 partes
1576 3273 1796 3334 habet?
1836 3271 1994 3334 L1rs.
2040 3273 2285 3335 Partes?

131 3377 288 3440 Bene
308 3381 565 3465 suggeris
593 3405 609 3440 ε
638 3379 787 3441 dabo
805 3424 822 3456 ‚
849 3380 923 3441 ad
942 3379 1188 3441 hominis
1210 3393 1267 3441 et
1287 3393 1451 3441 tuum
1472 3383 1669 3442 instar.
1690 3379 2028 3442 Plutarchus
2056 3384 2136 3443 ita
2156 3382 2285 3442 dis-

131 3485 328 3545 tribuit
341 3485 450 3569 (de
471 3485 641 3546 Facie
663 3489 722 3546 in
747 3487 886 3548 orbe
907 3486 1081 3549 Lunae
1100 3486 1160 3572 )=
1189 3515 1217 3542 «ι
1240 3487 1425 3549 Stenae
1444 3489 1591 3550 sicut
1611 3489 1761 3550 oculi
1774 3489 2035 3550 lucentes
2056 3490 2117 3550 in
2136 3489 2285 3551 facie

129 3591 397 3654 Universi
423 3593 620 3654 orbem
647 3617 814 3656 suum
838 3609 1141 3680 peragunt.
1171 3595 1266 3657 Sol
1294 3597 1354 3656 vi
1380 3597 1652 3680 praeditus
1678 3597 1865 3660 cordis
1880 3642 1897 3673 ,
1926 3612 1992 3658 ut
2010 3599 2119 3660 hoc
2148 3621 2289 3658 san-

131 3701 362 3782 guinem
395 3713 453 3762 et
479 3701 741 3784 spiritum
760 3745 778 3776 ‚
811 3703 894 3762 sic
931 3703 1202 3766 diffundit
1235 3727 1307 3765 ex
1343 3726 1406 3765 se
1436 3717 1796 3790 vegetantem
1828 3708 2074 3768 calorem
2104 3717 2161 3766 et
2186 3707 2288 3765 lu-

133 3829 278 3868 cem.
320 3809 499 3870 Terra
530 3820 588 3869 et
618 3809 770 3869 Mari
810 3808 1070 3871 Mundus
1089 3856 1106 3886 ‚
1149 3824 1216 3872 ut
1254 3814 1467 3874 animal
1503 3827 1703 3876 ventre
1738 3827 1796 3874 et
1826 3816 2049 3888 vesica,
2079 3813 2280 3872 utitur.

135 3909 296 3976 Luna
325 3917 475 3978 inter
500 3915 690 3977 Solem
715 3929 772 3977 et
789 3917 1028 3977 Terram
1044 3963 1061 3992 ,
1093 3933 1161 3978 nt
1187 3919 1336 3981 inter
1360 3919 1472 3981 Cor
1491 3933 1550 3981 et
1566 3919 1845 3983 Ventrem
1866 3964 1885 3994 ,
1913 3919 2071 3979 velut
2090 3918 2279 4000 jecur,

135 4034 234 4081 aut
263 4022 422 4084 aliud
447 4025 620 4084 molle
645 4025 834 4085 viscus
862 4037 948 4084 est
965 4068 982 4098 ,
1027 4029 1086 4084 e¹t
1116 4027 1517 4107 respirationes
1550 4027 1706 4088 illinc
1738 4027 2066 4087 excoctione
2092 4025 2283 4108 aliqua

139 4139 195 4187 et
221 4130 556 4214 purgatione
588 4143 889 4192 attenuans
920 4130 1208 4192 diffundit.
1241 4157 1270 4184 ι»
1300 4131 1492 4214 Atque
1518 4155 1625 4216 ego
1654 4155 1793 4193 sane
1811 4131 1945 4213 (etsi
1966 4131 2131 4194 aliter
2150 4133 2287 4194 Ma·-
