2667 4475
397 339 533 403 610
1143 324 1439 393 JUSTI
1484 278 1815 394 LIPSIJ

397 474 663 537 scrutaris
683 519 700 548 ‚
751 472 894 554 quid
925 472 1038 529 nisi
1071 469 1237 542 dicit,
1267 478 1540 550 'magnam
1574 469 1733 527 illam
1770 467 1951 528 fuisse
1982 470 2245 529 insulam
2280 473 2484 530 statim
2514 472 2571 528 ab

395 586 706 666 Hispania,
743 582 845 640 ubi
887 602 1038 639 nunc
1069 578 1322 658 reliquiae
1353 576 1526 659 (nam
1566 576 1841 636 illuvione
1884 576 2099 658 periit)
2145 592 2209 637 et
2256 579 2429 638 velut
2466 579 2569 637 fra—

396 702 628 775 gmenta
649 701 730 749 tot
751 688 850 746 illa
872 686 1188 744 insularum
1209 682 1379 742 sunt?
1402 683 1773 742 Canariarmn
1792 728 1809 757 ,
1834 684 2301 744 Fortunatamm
2316 730 2335 759 ,
2366 698 2429 745 et
2448 706 2567 765 qm*

396 800 534 859 alias
575 808 694 855 tota
733 816 831 854 ora
875 791 1076 851 Africae
1099 836 1116 865 ,
1153 804 1211 849 et
1249 790 1489 849 interior
1516 789 1709 849 habet.
1759 815 1788 843 α
1814 788 1908 850 Ex
1938 790 2039 850 illa
2072 804 2317 865 autem,
2356 794 2565 874 inquit.

395 906 665 965 transitus
693 902 756 960 in
785 898 1018 959 insulas.
1051 924 1080 951 ι»
1115 896 1318 972 Quas?
1349 916 1445 956 eas
1466 902 1611 977 ῖῑίιε
1641 918 1794 956 nunc
1822 898 1995 956 etiam
2022 900 2361 979 praejacent
2390 902 2565 958 eonti-

393 1012 551 1069 nenti
570 1053 586 1082 ,
613 1006 863 1075 Cabum,
892 1002 1298 1084 Hispam’olam
1317 1050 1332 1072 ,
1360 998 1715 1073 Jamaicam,
1751 1014 1809 1061 et
1834 1003 2053 1084 plures.
2096 1032 2128 1058 α
2154 1006 2239 1063 At
2270 1028 2351 1065 ex
2384 1006 2559 1065 insule

385 1123 454 1179 in
479 1120 663 1199 ipsam
687 1115 1096 1173 continentem.
1129 1136 1158 1163 w
1191 1110 1541 1179 Verissime;
1569 1109 1759 1168 statim
1798 1130 1869 1168 ex
1895 1110 2008 1169 illis
2028 1112 2129 1171 vel
2150 1114 2221 1171 in
2250 1112 2557 1172 Pet-uanum

389 1238 634 1285 tractum
652 1265 669 1295 ,
713 1221 806 1279 vel
849 1221 910 1279 in
951 1219 1256 1277 vastiorem
1301 1216 1671 1275 Mexicanum
1710 1217 2003 1275 transitur.
2052 1214 2138 1276 Et
2182 1216 2557 1279 Condacum·

393 1332 644 1413 appellat
669 1374 685 1403 ‚
713 1328 817 1387 etsi
839 1326 1026 1385 insula
1045 1336 1130 1383 est
1147 1369 1164 1398 ‚
1191 1322 1296 1382 sed
1319 1324 1397 1382 ita
1417 1367 1432 1395 ,
1457 1308 1746 1403 quomodo
1769 1334 1961 1382 nostra
1991 1322 2115 1381 haec
2150 1346 2303 1405 pars
2344 1348 2381 1384 a
2418 1326 2559 1384 nobi-

391 1440 659 1499 habitata.
693 1436 831 1493 Haec
861 1434 1040 1514 magis
1081 1443 1264 1489 totum
1299 1430 1525 1489 Novum
1556 1428 1756 1489 orbem
1797 1430 1959 1489 nobis
1994 1432 2284 1511 aperiunt
2326 1446 2391 1493 et
2420 1456 2559 1493 asse-

393 1556 528 1607 runt
546 1590 562 1618 ,
599 1566 772 1624 quam
793 1540 892 1600 illa
911 1537 1227 1597 Aristotelis
1259 1538 1317 1595 in
1351 1536 1721 1595 Admirandis
1750 1536 1981 1595 traditio
2012 1560 2029 1594 ε
2064 1562 2097 1589 «
2126 1537 2201 1596 In
2232 1542 2391 1597 mari
2414 1554 2554 1597 extn

391 1652 657 1713 Herculis
682 1650 974 1709 columnas
993 1689 1008 1717 ,
1041 1644 1286 1703 insulam
1315 1642 1599 1702 desertam
1622 1644 1913 1702 inventam
1940 1640 2154 1715 fuisse,
2184 1645 2341 1703 silva
2372 1668 2557 1704 nuno-

391 1775 576 1818 rosam
595 1802 612 1831 ,
646 1755 836 1815 fluviis
879 1752 1257 1834 navigabilem
1279 1794 1296 1823 ‚
1333 1748 1613 1809 fructibus
1650 1750 1885 1809 uberem
1904 1794 1922 1821 ,
1968 1752 2297 1812 multorum
2342 1754 2553 1813 dier-mn

393 1864 756 1945 navigatione
789 1858 1089 1919 distantem
1109 1901 1125 1929 ,
1155 1859 1218 1915 in
1251 1877 1424 1937 quam
1467 1856 1667 1915 crebro
1712 1854 2219 1938 Carthaginienses
2269 1880 2553 1919 comme·-

391 1974 506 2031 rint
522 2014 538 2043 ,
576 1981 634 2028 et
663 1968 826 2027 multi
858 1965 1024 2025 sedes
1058 1964 1228 2023 etiam
1259 1963 1489 2022 fixerint
1514 1985 1530 2020 ε
1556 1963 1662 2022 sed
1688 1964 1898 2023 veritos
1927 1965 2217 2045 primores
2234 2010 2255 2038 ‚
2290 1990 2371 2027 ne
2400 1970 2551 2026 nimb-

383 2074 497 2135 loci
539 2074 693 2133 illius
738 2092 876 2153 opes
923 2070 1387 2129 convalescerent
1405 2113 1422 2139 ‚
1474 2082 1530 2127 et
1572 2068 1931 2151 Carthaginis
1965 2069 2349 2141 laberentur,
2382 2073 2551 2132 edicto

388 2185 639 2256 cavisse,
689 2192 746 2240 et
787 2200 958 2261 poena
986 2178 1186 2260 capitis
1224 2177 1479 2237 sanxisse
1499 2220 1516 2250 ,
1558 2197 1635 2235 ne
1670 2177 1799 2258 quis
1829 2197 1897 2237 eo
1937 2178 2249 2261 navigasse
2288 2180 2551 2262 deinceps

389 2293 578 2352 vellet.
613 2315 642 2342 w
691 2287 861 2363 Quod
902 2307 1102 2346 verum
1145 2305 1351 2344 censeo
1382 2281 1601 2343 deuna
1643 2283 1836 2365 aliqua
1873 2305 2155 2345 novarum
2190 2287 2550 2348 insularum?

390 2401 527 2480 quia
555 2398 759 2458 multos
787 2395 909 2454 dies
935 2391 1286 2474 navigationi
1315 2389 1601 2471 impendit
1634 2415 1651 2462 ;
1682 2411 1873 2483 neque
1902 2393 2203 2472 pmbabile
2236 2396 2423 2476 igitur
2444 2397 2551 2455 ca-

391 2507 611 2578 nariaS,
647 2515 744 2562 aut
770 2503 908 2560 alias
929 2501 1146 2559 vicinas
1164 2543 1181 2572 ‚
1214 2497 1409 2557 fuisse.
1446 2495 1521 2556 Et
1548 2519 1684 2557 vero
1714 2497 1787 2557 de
1815 2499 2019 2558 iisdem
2048 2502 2221 2559 terris
2238 2544 2259 2574 ‚
2294 2505 2431 2584 quis
2448 2525 2547 2562 non

389 2615 541 2672 Aviti
588 2609 982 2672 declamatoris
1009 2604 1208 2688 (apud
1237 2605 1515 2665 Senecam
1544 2605 1789 2684 suasor.-
1818 2604 1885 2686 Ι)
1908 2603 2095 2664 libens
2134 2607 2239 2667 illa
2282 2609 2547 2690 accipiet?

397 2747 426 2773 ιι
459 2718 701 2778 Fertiles
747 2718 808 2774 in
849 2710 1083 2774 Oceano
1121 2713 1314 2791 jacere
1346 2724 1558 2785 terras,
1592 2713 1857 2792 ultraque
1886 2711 2183 2772 Oceanum
2214 2736 2427 2774 rursus
2452 2717 2547 2774 alia

391 2825 585 2886 littora
601 2866 618 2897 ‚
645 2823 822 2881 alium
841 2822 1000 2880 nasci
1027 2820 1246 2879 orbem.
1261 2843 1288 2870 ι»
1309 2817 1531 2877 Clarius
1552 2839 1669 2876 non
1690 2820 1877 2898 potuit
1896 2819 2053 2878 effari
2068 2861 2085 2892 ‚
2110 2830 2211 2879 ant
2226 2819 2547 2904 designare.

385 2931 653 2992 Clemens
681 2927 749 2989 B.
786 2927 941 2987 Petri
975 2925 1290 3006 discipulus
1323 2926 1383 2983 in
1416 2922 1654 3005 epistola
1688 2923 1936 3004 quadam
1966 2921 2191 3006 (Epist.
2230 2926 2315 2986 ad
2338 2925 2543 3009 Ephts.

391 3061 520 3120 cap.
565 3059 586 3096 1
617 3036 642 3119 )
675 3061 692 3095 ε
731 3063 760 3090 κ
785 3033 1047 3095 Oceanus
1066 3077 1082 3106 ,
1117 3045 1175 3091 et
1202 3031 1413 3090 Mundi
1442 3032 1543 3112 qui
1571 3042 1730 3090 trans
1762 3031 1950 3112 ipsum
1982 3042 2140 3090 sunt.
2184 3057 2211 3084 ιο
2272 3034 2365 3093 lta
2406 3035 2551 3094 Hie-

391 3165 664 3226 ronymus
697 3165 768 3203 ex
804 3163 872 3202 eo
901 3141 1038 3200 citat
1071 3163 1088 3198 ε
1125 3151 1184 3199 et
1213 3139 1461 3198 Mundus
1492 3138 1807 3219 appellasse
1848 3138 2019 3198 credo
2041 3183 2059 3212 ‚
2092 3141 2547 3222 magnitudinem

389 3252 763 3311 indicantem.
799 3248 937 3322 Quae
967 3247 1061 3306 vel
1091 3247 1153 3305 in
1187 3246 1355 3304 terris
1384 3245 1534 3304 notis
1566 3245 1807 3304 mirifica
1847 3268 1864 3303 ε
1908 3246 2014 3306 etsi
2044 3257 2261 3306 tractus
2296 3249 2401 3310 ille
2430 3251 2549 3309 Au-

391 3357 638 3431 zia-aliur,
667 3369 725 3416 et
749 3367 905 3415 trans
927 3353 1162 3415 Fretum
1189 3351 1500 3435 Magellani
1515 3395 1532 3426 ,
1560 3351 1821 3412 nondum
1842 3354 2157 3413 innotuerit
2171 3398 2190 3429 ,
2210 3357 2335 3415 nisi
2356 3379 2393 3416 a
2414 3381 2547 3440 pra-

392 3463 878 3544 ternavigantibus
903 3461 1134 3521 libatus.
1170 3456 1375 3518 Noster
1407 3459 1623 3518 Seneca
1650 3456 1823 3538 (nam
1853 3457 1949 3518 ille
1978 3459 2305 3542 Tragoediae
2338 3463 2545 3523 Meda·

390 3581 544 3630 certo
574 3579 770 3628 auctor
801 3567 910 3649 est)
942 3567 1015 3628 de
1047 3566 1116 3625 iis
1147 3566 1284 3646 ipsis
1314 3565 1647 3645 praedixisse
1673 3564 1919 3638 videtur,
1950 3568 2149 3646 pueris
2176 3570 2301 3646 jam
2336 3570 2545 3631 demn-

395 3691 572 3738 tatum
596 3675 846 3757 (Medea
869 3721 886 3748 ‚
919 3671 1077 3756 375)
1112 3696 1127 3732 ε

919 3779 1127 3828 Venient
1149 3779 1287 3828 amis
1309 3777 1484 3826 saecula
1508 3777 1623 3828 seris
1636 3810 1651 3838 ‚

927 3868 1116 3932 Quibus
1135 3867 1361 3917 Oceanus
1378 3869 1573 3921 vincula
1596 3885 1757 3920 rernm

795 4025 800 4030 ·
927 3962 1110 4020 Laxet,
1134 3965 1186 4008 et
1208 3959 1377 4024 ingens
1400 3963 1565 4026 pateat
1586 3957 1726 4011 benna
1738 3997 1754 4022 ‚

923 4049 1203 4118 Tiphysque
1223 4065 1378 4100 novo·
1398 4049 1593 4118 detegat
1618 4050 1757 4102 orbes
1778 4087 1795 4112 ‚

921 4143 1022 4191 Nec
1045 4141 1109 4190 sit
1135 4142 1272 4190 terris
1291 4140 1467 4191 ultima
1486 4141 1655 4192 Thule.
