2667 4475
769 294 1332 381 EPISTOLA
1379 310 1665 383 XCIV.
1976 336 1985 343 ·
2200 324 2289 413 9⁵

169 471 350 541 supra
377 468 500 513 nos
527 446 710 513 itura
727 449 744 478 ¹
778 441 1146 536 disponit²z
1179 464 1423 509 aurum
1451 442 1729 535 quidem
1758 460 1826 512 et
1855 434 1880 479 ³
1890 463 2247 541 argentum
2266 502 2285 533 ‚

169 578 224 628 et
265 576 543 654 propter
593 558 720 626 ista
775 580 1124 650 nunquam
1177 579 1416 650 pacem
1464 581 1677 651 agens
1700 644 1707 651 ¹
1728 558 1983 629 ferrum
2010 612 2028 643 ,
2098 566 2292 655 quasi

167 676 320 745 male
375 676 578 745 nobis
626 676 1212 745 committerentur
1231 723 1250 757 ,
1307 673 1688 742 abscondit.
1735 678 1875 745 Nos
1908 678 1981 745 in
2020 675 2237 748 lucem
2264 732 2285 765 ,

165 811 428 885 propter
460 816 614 884 quae
647 814 1110 885 pugnaremus
1131 840 1154 875 ,
1191 790 1597 876 extulimus3
1634 814 1761 859 nos
1795 806 1865 859 ct
1898 816 2133 863 causas
2162 819 2289 890 pe·-

168 908 520 977 riculorum
545 922 932 975 nostrorum
956 956 975 990 ,
1011 920 1082 973 et
1108 906 1559 974 instrumenta
1582 958 1601 989 ‚
1634 905 1919 999 disjecto
1952 923 2289 980 terrarum

163 1021 446 1112 pondere
461 1071 480 1103 ,
507 1021 845 1107 eruimus;
873 1042 996 1088 nos
1021 1019 1307 1088 fortunae
1328 1020 1505 1087 mala
1525 1035 1756 1089 nostra
1778 1014 1805 1064 ⁴
1834 1022 2237 1094 tradidimus
2258 1076 2280 1109 ,

163 1159 274 1203 nec
301 1136 764 1203 erubescimus
814 1158 1073 1203 summa
1120 1133 1304 1228 apud
1348 1158 1473 1203 nos
1516 1134 1757 1205 haberi
1778 1184 1797 1219 ‚
1833 1160 1983 1228 quae
2014 1137 2289 1209 fuerant

161 1252 276 1319 ima
311 1268 670 1320 terrarum.
705 1250 825 1319 Vis
857 1245 1102 1336 scire⁵,
1142 1274 1343 1341 quam
1382 1248 1589 1317 falsus
1626 1248 1857 1319 oculos
1890 1265 2039 1321 tuos
2080 1251 2289 1323 decc-
2337 1266 2401 1319 58

161 1368 319 1459 perit
337 1359 362 1403 ⁶
401 1368 685 1461 fulgor?
715 1365 891 1435 nihil
923 1383 1029 1437 est
1055 1368 1200 1435 istis
1219 1415 1240 1448 ,
1281 1364 1609 1458 quamdiu
1640 1388 1861 1433 mersa
1886 1382 1957 1433 et
1978 1369 2286 1439 involuta

163 1506 330 1552 coeno
347 1508 470 1552 suo
485 1484 754 1581 jacent,
785 1482 1051 1565 foedius,
1081 1480 1258 1549 nihil
1277 1481 1659 1550 obscurius.
1677 1480 1940 1573 Quidni
1963 1482 2285 1575 Pquando

159 1622 270 1691 per
307 1602 856 1696 longissimorum
895 1600 1367 1669 cuniculorum
1424 1597 1742 1665 tenebras
1790 1600 2277 1685 extrahuntur,

159 1716 312 1785 nihil
341 1736 444 1787 est
480 1718 620 1787 illis
643 1768 662 1802 ,
715 1718 878 1785 dum
923 1716 1103 1785 fiunt
1135 1729 1203 1783 et
1257 1738 1298 1783 a
1346 1714 1511 1783 faece
1544 1737 1667 1782 sua
1699 1730 2127 1808 separantur,
2169 1718 2281 1787 in·-

159 1835 437 1906 formius.
467 1838 784 1929 Denique
803 1837 988 1928 ipsos
1009 1834 1288 1927 opifices
1313 1834 1621 1916 intuere,
1656 1856 1784 1926 per
1820 1858 2109 1925 quorum
2140 1860 2285 1905 ma-

158 1974 270 2019 nus
291 1954 520 2022 sterile
546 1968 746 2021 terrae
775 1974 991 2044 genus
1019 1966 1087 2018 et
1114 1950 1405 2019 informe
1432 1967 1937 2045 perpurgatur3
1970 1953 2273 2036 videbis,

157 2086 382 2158 quanta
429 2070 721 2163 fuligine
763 2067 1180 2136 oblinantur.
1231 2068 1441 2161 Atqui
1482 2070 1609 2137 ista
1650 2071 1867 2163 magis
1912 2071 2278 2164 inquinant

155 2187 422 2272 animos,
475 2210 682 2281 quam
719 2208 1048 2279 corpora3
1089 2199 1158 2254 et
1205 2186 1278 2254 in
1325 2208 1709 2278 possessore
1746 2210 1983 2256 eorum
2003 2239 2026 2274 ,
2069 2212 2275 2282 quam

154 2303 212 2368 in
253 2305 507 2373 artifice
531 2353 550 2386 ‚
605 2303 762 2396 plus
801 2301 1102 2370 sordium
1141 2317 1268 2369 est.
2008 2293 2013 2296 ¹

231 2420 702 2489 Necessarium·
727 2419 958 2510 itaque
999 2433 1100 2484 est
1133 2415 1525 2498 admoneri,
1572 2433 1644 2484 et
1680 2417 1936 2486 habere
1971 2416 2271 2509 aliquem
2322 2437 2387 2506 59

151 2533 520 2604 advocatum
557 2535 752 2603 bonae
787 2537 1074 2616 mentis,
1115 2550 1183 2602 et
1222 2535 1294 2600 in
1333 2538 1563 2600 tanto⁷
1621 2535 1897 2602 fremitu
1948 2535 2299 2605 tumultu-¹

150 2674 262 2740 que
289 2653 608 2722 falsorum
635 2674 838 2719 unam
857 2645 884 2686 ⁸
913 2651 1211 2742 denique
1239 2648 1479 2718 audire
1506 2673 1763 2718 vocem.
1788 2650 1965 2752 Quae
1995 2651 2127 2718 erit
2154 2651 2272 2719 illa

203 2916 240 2948 ι.
257 2897 380 2954 Hoec
399 2919 565 2969 supra
582 2918 677 2951 nos
708 2901 851 2950 itura
875 2899 927 2950 d.
955 2915 1132 2949 omnes
1231 2893 1382 2947 Nous
1408 2875 1571 2948 a'oom
1604 2895 1768 2948 rendu
1795 2897 1851 2946 la
1865 2896 2089 2966 fortune
2112 2897 2255 2950 Γαν-

146 2973 271 3028 codd.
283 2977 415 3030 dant.
435 2981 573 3032 Ante
589 2977 738 3030 Grut.
750 2977 856 3031 hoec
867 2996 1030 3045 supra
1039 2995 1134 3028 nos
1232 2973 1365 3025 bure
1388 2976 1453 3026 de
1472 2993 1567 3026 nos
1582 2993 1772 3026 maux.
1788 2973 1991 3025 Etenim
2010 2995 2169 3043 quum
2192 2977 2267 3028 fe-

148 3065 318 3107 natum
341 3059 390 3109 d.
415 3057 600 3110 Ruhk.
1233 3051 1477 3106 licitatem
1505 3052 1558 3104 in
1581 3052 1772 3106 divitiis
1792 3054 2105 3124 posuerimus
2130 3094 2143 3120 ‚
2178 3055 2269 3108 illa

199 3151 238 3183 α.
257 3133 514 3206 Disponit.
539 3134 756 3206 Cori-ige
777 3136 1055 3202 disposuit,
1078 3145 1136 3186 ut
1232 3131 1445 3184 felicitas
1472 3130 1527 3182 in
1550 3131 1787 3184 manibus
1812 3144 1884 3184 est
1900 3133 2128 3194 fortune,
2154 3152 2268 3204 quae

143 3223 202 3262 est
231 3213 280 3265 in
311 3237 362 3268 a.
398 3235 440 3269 c.
477 3216 552 3269 R.
586 3215 656 3268 A.
685 3227 734 3266 et
755 3213 884 3288 apud
919 3215 1062 3268 Pinc.
1086 3227 1135 3266 et
1234 3209 1445 3262 arbitrio
1458 3229 1551 3262 suo
1569 3208 1769 3262 divitias
1788 3210 1999 3282 largitur
2022 3225 2071 3265 et
2092 3215 2269 3266 aufert.

140 3287 266 3343 Grut.
288 3293 450 3349 Schae.
1297 3292 1345 3342 5.
1370 3291 1470 3342 Vis
1489 3289 1877 3359 scire-..sulgon
1900 3291 1979 3342 cf.
1996 3292 2264 3346 Mitscher·

193 3367 236 3419 3.
257 3373 458 3424 Aurum
497 3375 712 3441 quidem
752 3381 802 3424 et
842 3382 1133 3441 argentum.
1239 3367 1347 3421 lich
1372 3369 1437 3421 ad
1460 3369 1587 3423 Hor.
1614 3369 1781 3422 Canu.
1800 3371 1871 3436 ll,
1898 3393 1955 3436 τι,
1972 3391 2027 3426 ²:
2046 3374 2263 3427 «Nullus

136 3441 308 3500 Similis
325 3451 570 3502 sententia
595 3450 828 3520 quadam
855 3448 918 3501 de
953 3449 1132 3500 Benef.
1231 3459 1443 3520 argento
1472 3447 1611 3500 color
1634 3461 1737 3516 est,
1762 3451 1925 3503 avaris
1950 3451 2141 3504 Abdico
2154 3465 2267 3506 ter-

136 3521 260 3590 Vll,
290 3547 376 3594 ιο,
407 3539 458 3580 et
490 3527 630 3580 Ptin.
666 3527 902 3580 XXXIII
925 3563 940 3588 ,
981 3526 1132 3579 inibe
1239 3525 1325 3578 ris.
1350 3549 1379 3572 a»
1402 3525 1583 3578 Ruhk.

137 3621 162 3646 α
181 3601 323 3658 Terra
345 3620 394 3658 et
411 3606 524 3660 haec
548 3605 818 3676 (juvantia)
839 3624 1036 3657 summa
1061 3604 1141 3658 sui
1307 3603 1917 3678 &Decepta-&Raptum
1933 3607 2268 3684 decipitvulg.

135 3693 250 3748 parte
267 3684 440 3737 tribuit
456 3723 472 3750 ,
491 3698 550 3737 ut
567 3684 782 3736 minime
808 3703 954 3756 parea
975 3682 1137 3736 facilis
1237 3681 1357 3735 edd.
1382 3682 1545 3736 Schw.

135 3777 214 3824 que
227 3762 542 3829 inmunibus,
559 3783 673 3835 quae
685 3775 909 3837 prosunt.
926 3763 1021 3815 lua
1037 3781 1132 3816 nos
1306 3781 1350 3830 7.
1371 3759 1446 3813 ΕΙ
1466 3764 1523 3814 in
1542 3771 1705 3815 tanto.
1726 3762 1802 3814 Ex
1824 3763 2037 3838 conject.
2060 3765 2269 3820 correxi.

133 3857 370 3908 premunt,
395 3844 488 3896 illa
513 3861 607 3896 nos
630 3842 694 3896 ad
725 3843 912 3896 inferos
939 3855 1096 3914 agunt
1117 3879 1133 3906 ‚
1235 3840 1525 3893 Monstrose
1558 3851 1831 3893 etantanto
1866 3843 2101 3894 scribitur
2134 3844 2186 3894 in
2214 3863 2265 3894 a.

136 3934 228 3986 quae
243 3922 507 3976 occultavit
527 3931 684 3990 atque
707 3921 964 3975 demersit.
983 3941 1013 3967 n
1035 3919 1108 3972 R.
1239 3937 1334 3971 nec
1360 3917 1533 3970 minus
1556 3919 1737 3970 vitiose
1760 3937 1789 3971 e
1811 3929 1958 3972 tanto
1976 3921 2029 3972 in
2048 3939 2088 3973 c.
2105 3919 2177 3971 R.
2195 3922 2268 3971 A,

189 3997 230 4061 4.
255 3999 360 4054 Nos
365 4003 611 4072 sortunoe
645 4004 794 4053 mala
819 4010 1001 4053 nostra
1028 4009 1140 4051 tra·-
1239 3997 1417 4070 Vulgo
1440 4017 1569 4068 eque
1592 4005 1757 4050 tanto.
1782 3998 1945 4050 Schoe.

136 4073 360 4134 didimus.
417 4079 562 4132 Bene
615 4078 764 4131 vertit
818 4076 1101 4148 Lam-ange
1125 4095 1142 4129 .·
1307 4077 1355 4129 8.
1386 4076 1565 4130 Unam
1588 4079 1811 4146 denique
1835 4079 2038 4130 audire.
2064 4077 2271 4132 Pincia-
