2667 4475
626 404 633 414 .
724 316 1295 409 EPISTOLA,
1328 322 1622 399 cxxl.
2119 328 2248 399 325

118 566 2250 608 Q

665 752 1300 842 EPISTOLA.
1373 754 1726 851 cxxl„

1051 1002 1317 1027 n*-

383 1204 604 1245 ouius
638 1204 977 1245 Animum
1012 1204 1289 1246 runnu!
1326 1206 1814 1249 ruoenntncoeun
1851 1208 1976 1249 81³1.

166 1306 521 1374 Quaestionem
539 1346 553 1372 ,
580 1325 645 1359 an
670 1319 795 1360 essct
818 1306 1057 1359 omnibus
1083 1306 1390 1361 animalibus
1412 1294 1789 1362 constitutionis
1813 1328 1918 1364 sum
1943 1330 2146 1379 sensus,
2169 1332 2262 1366 so-

104 1390 298 1443 luturus
327 1402 531 1443 excusat
548 1403 786 1444 conatum
807 1409 957 1443 suum
974 1427 993 1457 ,
1015 1391 1155 1462 quod
1172 1402 1362 1444 tractet·
1375 1412 1432 1445 ea
1456 1428 1472 1457 ‚
1499 1410 1616 1464 quo
1629 1412 1738 1447 non
1759 1394 1826 1447 ad
1851 1414 2016 1447 mores
2033 1409 2256 1470 spectare

101 1478 399 1539 videantur,
439 1476 667 1550 exemplo
704 1475 969 1530 Posidonii
1004 1490 1056 1529 et
1078 1475 1376 1531 Archidemi
1395 1516 1410 1543 ,
1437 1478 1530 1550 qui
1565 1491 1615 1531 ct
1635 1497 1696 1531 ea
1713 1480 1973 1535 tractanda
1995 1500 2100 1535 esse
2125 1502 2257 1555 pro-

100 1562 367 1623 nuntiant.
392 1559 635 1632 quaelicet
656 1560 921 1613 hominem
944 1581 1051 1615 non
1070 1562 1333 1615 meliorem
1359 1554 1574 1629 faciant,
1589 1576 1769 1623 tamen
1785 1566 2253 1640 moresattingunt,

100 1647 281 1721 quippe
304 1665 437 1719 quos
464 1664 767 1719 cognoscere
794 1666 901 1699 non
924 1647 1081 1721 possis
1100 1687 1116 1715 ‚
1138 1648 1240 1701 nisi
1264 1660 1499 1704 naturam
1519 1648 1743 1703 bominis
1767 1662 1816 1703 et
1840 1650 1964 1721 quid
1991 1651 2088 1723 ipsi
2115 1652 2256 1725 opti·-

102 1750 243 1783 mum
267 1730 337 1783 sit
352 1767 369 1795 ,
392 1742 543 1788 antea
567 1729 854 1801 inspexeris.
876 1730 1207 1784 Demonstrat
1227 1730 1442 1800 deinde,
1464 1732 1700 1786 omnibus
1724 1733 2030 1787 animalibus
2052 1735 2252 1789 consti-

100 1814 309 1867 tutionis
334 1832 441 1868 sum
458 1832 659 1866 sensum
679 1832 783 1867 esse
802 1852 817 1880 ‚
833 1812 889 1867 id
910 1827 984 1867 est
1000 1852 1016 1881 ,
1034 1833 1092 1866 ea
1112 1826 1289 1886 sponte
1310 1826 1360 1866 et
1373 1826 1550 1868 natura
1567 1814 1624 1869 id
1637 1816 1828 1881 -faeere,
1852 1816 1992 1886 quod
2017 1817 2253 1887 debeant,

102 1910 147 1949 et
177 1897 259 1951 cui
286 1911 409 1953 nata
431 1896 535 1949 sint
552 1933 568 1961 ‚
593 1914 701 1949 non
721 1895 883 1960 ‚aliter
912 1915 1065 1967 quam
1097 1896 1153 1949 in
1172 1897 1273 1951 hoe
1299 1897 1656 1955 erudita..Non
1683 1920 1764 1954 ars
1780 1888 2120 1964 [sed-natura
2152 1901 2266 1957 illi&

98 1983 227 2035 hanc
246 1980 472 2053 partium
488 1992 549 2035 ‚et
566 1993 765 2033 artuum
790 1979 1069 2053 agilitatem
1089 1994 1288 2054 praestat
1305 2000 1316 2033 τ
1336 1990 1414 2035 est
1436 1995 1742 2055 spontaneus
1765 1997 1932 2038 motus
1951 2023 1967 2051 ‚
1993 2004 2100 2042 non
2135 2004 2256 2044 nie,-

98 2081 173 2119 tus
188 2108 205 2134 ,
250 2066 510 2120 dolorisve
541 2064 721 2129 timor,
761 2084 857 2118 nec
894 2064 1188 2138 principalis
1222 2066 1376 2139 partis
1411 2066 1572 2119 animi
1623 2067 1825 2121 effectio
1849 2105 1866 2133 ,
1905 2069 2046 2139 eujus
2080 2089 2256 2122 sensns

98 2148 410 2205 animalibus
434 2168 529 2202 nec
556 2148 965 2214 satisslilucidus,
996 2168 1089 2203 nec
1110 2169 1364 2223 expressus
1387 2164 1474 2203 est.
1495 2150 1604 2203 Nec
1621 2150 1750 2204 ratio
1767 2149 2049 2223 quidquam
2071 2151 2256 2215 eflicit,

98 2235 269 2288 omnia
282 2246 464 2288 natura
481 2275 497 2302 ,
515 2253 628 2305 qnae
644 2273 661 2300 ,
682 2233 987 2305 simulatque
1008 2249 1301 2301 nascuntur,
1323 2235 1492 2290 statim
1507 2237 1772 2290 scientiam
1796 2255 1964 2292 rerum
1985 2247 2034 2288 et
2049 2234 2250 2290 utilium

100 2335 145 2372 et
163 2320 562 2394 perniciosarum
590 2319 653 2373 iis
672 2328 881 2388 prestat
901 2337 1097 2396 semper
1114 2321 1363 2393 aqualem
1379 2333 1429 2374 et
1449 2340 1712 2394 nunqnam
1729 2333 2050 2376 crescentem.
2067 2319 2252 2375 Exem-

96 2407 173 2478 pla
200 2405 344 2460 varia
365 2403 465 2459 hoc
488 2405 689 2459 docent.

158 2493 223 2544 ln
260 2490 599 2562 qwtionem
625 2489 817 2544 hancce
852 2489 1147 2544 incidebant
1187 2489 1354 2544 Stoici
1383 2489 1580 2548 ratione
1623 2487 2258 2562 philosophico-historica·

98 2575 353 2649 cupientes
372 2573 619 2647 principia
646 2573 851 2626 Etbices
876 2573 1149 2645 explorare.
1186 2573 1366 2642 Quum
1383 2573 1539 2634 „enim
1567 2571 1664 2624 bac
1689 2571 1882 2633 ratione
1913 2571 1969 2627 in
1985 2571 2250 2644 originem

98 2669 143 2707 et
164 2669 402 2708 naturam
430 2655 630 2708 virtutis
662 2656 983 2726 inquirerent
1015 2652 1280 2706 historiam
1294 2653 1534 2710 ,bominis
1559 2666 1606 2705 ct
1633 2665 1923 2706 ceterorum
1950 2651 2250 2712 animalium

98 2739 374 2794 condendo
394 2779 409 2806 ,
448 2758 672 2791 amorem
694 2738 774 2792 sui
800 2736 1035 2790 omnium
1068 2736 1291 2810 primum
1314 2756 1346 2788 a
1370 2749 1546 2789 natura
1568 2737 1630 2790 iis
1651 2737 1870 2791 inditum
1905 2759 2010 2790 esse
2051 2749 2250 2790 statue-

96 2826 229 2878 bant.
253 2825 334 2877 Ea
359 2835 525 2877 autern
539 2861 557 2886 ,
586 2841 701 2894 qnae
724 2823 845 2875 huic
869 2820 1031 2874 amori
1054 2820 1306 2894 proposita
1332 2833 1454 2874 sunt
1475 2859 1490 2886 ‚
1512 2821 1830 2896 appellabant
1853 2823 2017 2895 prima
2038 2834 2250 2882 nature.

96 2908 293 2962 Placuit
306 2907 529 2971 Stoici&
554 2906 629 2966 ait
644 2907 773 2962 Cato
800 2926 879 2978 ap.
910 2903 1149 2958 Ciceron.
1175 2903 1237 2956 de
1266 2905 1386 2958 Fin.
1408 2906 1487 2958 Ill
1506 2943 1522 2972 ‚
1550 2910 1579 2958 5
1602 2905 1715 2959 init.
1741 2905 2044 2976 simulatque
2070 2916 2248 2958 natum

96 2994 154 3044 sit
176 2991 408 3056 animal,
435 2989 559 3053 binc
586 2987 828 3044 enim.est
853 2986 1191 3054 ordiendum,
1212 2986 1378 3060 ipsum
1408 2987 1506 3043 sibi
1536 2987 1800 3046 conciliari
1819 3001 1879 3046 .et
1898 2988 2246 3052 commendari

96 3078 157 3130 ad
177 3098 233 3131 se
258 3074 670 3134 conservandum
690 3086 740 3126 et
776 3073 843 3132 asi
870 3092 1015 3134 sunm
1043 3085 1225 3126 statum
1242 3112 1257 3140 ,
1280 3085 1331 3126 ct
1367 3073 1432 3126 ad
1471 3093 1530 3127 ea
1548 3111 1564 3138 ,
1605 3091 1719 3143 qum
1745 3073 2099 3132 conservantia
2127 3085 2262 3138 sunt.

98 3165 201 3234 ejus
220 3173 379 3216 status
400 3164 417 3228 3
442 3159 705 3233 diligenda
728 3177 742 3211 :
770 3157 979 3214 alienari
1000 3169 1169 3210 autem
1191 3155 1257 3211 ab
1278 3156 1486 3210 interitu
1503 3195 1520 3223 ,
1544 3156 1706 3228 iisque
1725 3157 1900 3220 rebus,
1925 3175 2040 3229 qun
2055 3158 2257 3216 interi-‚

94 3259 199 3296 tum
224 3244 501 3297 videantur
518 3243 715 3295 afferre.
744 3239 875 3308 Qun
894 3239 1103 3294 Catonis
1122 3239 1277 3292 verba
1300 3239 1430 3310 quin
1456 3257 1486 3291 e
1505 3258 1672 3310 greco
1695 3257 1939 3294 conversa
1960 3239 2062 3292 sint
2090 3277 2106 3305 ‚
2132 3239 2254 3294 uoii.

96 3330 341 3382 dubitare.
356 3326 611 3398 Cs.Diog.
630 3327 793 3378 Laert.
808 3325 931 3391 Vll,
958 3324 1021 3378 85
1044 3341 1161 3377 cum
1183 3323 1393 3396 interpr.
1415 3341 1572 3393 quum
1589 3322 1653 3375 ad
1675 3322 1812 3376 hunc
1835 3323 2003 3376 locum
2019 3361 2034 3388 ,
2053 3335 2160 3375 tum
2179 3323 2246 3376 ad

99 3413 200 3467 Cic.
227 3425 277 3465 et
292 3411 611 3465 Tiedemann
633 3409 775 3482 §fys-t.
792 3407 869 3460 111
891 3429 937 3480 p.
964 3429 982 3460 ι
995 3427 1019 3476 7
1045 3427 1155 3478 sqq.
1178 3419 1226 3460 et
1240 3406 1408 3461 Garve
1435 3407 1704 3460 Uberse‘cbt
1721 3429 1770 3481 p.
1789 3411 1848 3476 57
1866 3427 1940 3477 sq.
1957 3407 2245 3462 Defendere

98 3513 259 3552 autem
288 3497 449 3551 coacti
474 3508 591 3549 suut
618 3495 757 3548 bunc
782 3493 951 3546 locum
980 3493 1041 3546 de
1066 3491 1450 3545 conservatione
1475 3492 1554 3545 sui
1575 3531 1590 3555 ,
1624 3491 1730 3544 sive
1769 3491 1834 3545 de
1863 3492 2032 3546 studio
2063 3493 2245 3565 cuique

98 3584 305 3638 animali
322 3583 498 3636 innato
517 3621 533 3651 ,
552 3599 694 3634 suam
717 3578 1129 3633 constitutionem
1149 3578 1432 3631 naturalem
1451 3590 1500 3630 et
1513 3589 1682 3630 notam
1697 3615 1712 3641 ,
1730 3597 1768 3631 s.
1781 3591 1964 3631 statum
1984 3619 1999 3644 ,
2025 3577 2245 3632 σόα-τασαν

99 3667 468 3731 conservandi,
492 3685 596 3722 una
624 3682 741 3718 cum
764 3663 1042 3716 Platonicis
1066 3675 1116 3717 et
1146 3661 1494 3735 Peripateticis
1515 3671 1688 3713 contra
1713 3661 2022 3734 Aristippum
2033 3661 2246 3734 ‚Epicn-

100 3771 308 3819 rumque
325 3788 340 3816 ,
362 3760 511 3820 atquc
535 3765 711 3801 eorum
734 3745 944 3798 asseclas
959 3782 974 3809 ,
996 3745 1181 3818 quippe
1200 3743 1286 3815 qui
1310 3743 1584 3806 nonjllam
1607 3738 2014 3806 constitutionem
2036 3741 2100 3795 ab
2119 3744 2246 3795 ani-

98 3835 312 3888 malibus
328 3873 342 3897 ‚
360 3833 664 3902 simulatque
692 3842 809 3883 nata
829 3829 1017 3882 suerint
1034 3869 1049 3897 ,
1074 3827 1233 3899 qnaeri
1257 3828 1571 3881 affirmarent
1587 3866 1606 3893 ,
1623 3827 1710 3880 sed
1731 3845 1884 3879 unam
1909 3826 2252 3900 yolnptatemr

99 3935 207 3987 quae
233 3916 329 3970 sub
355 3935 533 3971 sensns
559 3913 717 3967 cadat.
738 3914 929 3967 Parum
952 3910 1202 3965 subtiliter
1227 3910 1289 3963 de
1310 3909 1410 3963 hoc
1433 3905 1850 3981 philosophorum
1879 3907 2103 3960 dissensu
2122 3909 2244 3972 'rief

100 4001 405 4054 (lemannum
425 4041 441 4069 ,
459 3997 686 4070 alioquin
713 3997 1059 4052 doctissimum
1086 3995 1271 4050 Stoice
1294 3977 1626 4068 philosophia
1649 3992 1976 4066 interpretem
1996 4029 2009 4055 ,
2032 4003 2092 4044 ut
2112 4011 2252 4063 saepe

96 4081 239 4148 alias,
267 4083 557 4138 disseruisse
590 4081 733 4135 facile
768 4080 927 4134 estad
957 4077 1352 4151 intelligendum
1379 4077 1501 4149 :qui
1533 4096 1690 4147 quum
1723 4077 1796 4130 nil
1831 4077 1926 4129 uisi
1955 4078 2249 4148 λογομαχῖαιι
