2667 4475
398 260 534 356 472
979 261 1414 330 SENECAE
1457 259 1594 328 ET
1643 260 1962 352 PAULI

400 386 729 472 Apostolus
744 431 765 465 ,
792 388 957 468 quod
984 388 1255 470 epistolis
1280 389 1403 451 suis
1433 407 1658 450 nomen
1687 409 1860 452 sunm
1891 387 2089 452 soleat
2113 387 2530 454 substravere
2543 435 2560 464 ‚

400 507 463 556 et
489 494 609 558 hue
636 492 863 556 scillcet
888 492 1184 577 allegatur
1211 493 1388 571 illud,
1426 493 1706 556 omnibus
1735 513 1870 556 esse
1887 492 2260 570 placendum
2277 539 2300 569 ,
2345 508 2422 556 et
2447 498 2566 558 do-

398 601 567 662 mino
584 644 602 677 ‚
626 619 847 683 nempe
868 597 1093 663 Caesari
1110 646 1127 677 ‚
1150 603 1480 684 gerendum
1502 621 1760 666 morem.
1782 598 2006 662 Paulus
2027 600 2324 680 cuiquam
2349 601 2564 684 plaee-

403 717 495 768 ret
526 705 897 768 dissimulato
924 704 1267 790 Evangelio
1292 751 1309 784 ‚
1341 728 1526 788 quum
1551 706 1746 768 multo
1781 719 1918 767 ante
1949 703 2254 768 Romanis
2279 706 2564 769 nisimet

397 810 659 873 liberam
689 833 763 875 ac
794 811 1095 894 prolixam
1128 811 1488 896 epistolam?
1525 811 1647 873 Aut
1687 811 1808 872 hoc
1843 810 2046 874 <locuit
2069 809 2308 874 Paulus
2341 812 2560 874 celan-

397 917 541 976 dum
570 913 1097 980 Christianismum
1118 963 1135 994 ‚
1158 930 1225 978 ut
1242 918 1485 1001 placeas
1505 917 1693 1000 impio
1716 917 1999 980 domino?
2027 914 2280 980 Deinde
2311 915 2558 980 Seneca

400 1021 632 1082 nuntiat
675 1020 865 1085 Panlo
891 1067 909 1097 ‚
958 1025 1123 1104 quod
1174 1019 1385 1086 Caesar
1423 1022 1792 1084 immanibus
1841 1021 2151 1106 suppliciis
2215 1023 2470 1084 seviret
2497 1025 2560 1084 in

399 1123 803 1201 Christianos,
828 1127 997 1208 quasi
1022 1128 1141 1190 hoc
1159 1125 1374 1190 Roma.-
1399 1128 1680 1210 cuiquam
1699 1137 1858 1192 esset
1881 1129 2173 1211 ignotum.
2195 1129 2294 1191 Ad
2319 1129 2482 1204 haee,
2503 1131 2558 1190 si

400 1231 543 1312 quid
576 1232 927 1294 metuebant
947 1279 965 1309 ‚
1016 1235 1199 1295 tutius
1240 1247 1522 1318 poterant
1565 1254 1672 1295 ore
1713 1234 1981 1314 colloqui
2023 1254 2216 1316 quam
2251 1235 2554 1318 epistolis.

393 1334 530 1398 Nec
555 1334 776 1398 Paulus
798 1358 1008 1406 amore
1032 1336 1325 1422 evangelii
1343 1353 1622 1422 gravatus
1649 1338 1854 1400 suisset
1880 1383 1898 1413 ,
1929 1339 2026 1401 vel
2050 1340 2112 1398 in
2137 1337 2552 1401 Sallustianos

398 1442 606 1504 hortos
637 1443 843 1507 venire
862 1488 881 1520 ‚
914 1444 963 1505 si
992 1441 1225 1506 Seneca
1259 1445 1568 1506 metuebat
1595 1445 1803 1506 venire
1836 1443 2127 1508 Romam.
2151 1443 2418 1527 Quanta
2447 1467 2554 1508 co-

399 1552 500 1633 pia
522 1595 542 1626 ‚
577 1565 798 1632 quanto
826 1551 1049 1613 affectu
1078 1548 1301 1612 Paulus
1328 1552 1536 1613 scribit
1566 1555 1670 1613 uni
1688 1550 2033 1624 Philemoni
2060 1554 2139 1614 de
2171 1575 2246 1614 re
2277 1553 2548 1637 vulgari,

408 1671 469 1718 et
495 1655 737 1719 Senecae
766 1670 892 1717 tam
923 1656 1151 1719 celebri
1180 1657 1311 1718 viro
1348 1656 1555 1720 scribit
1578 1703 1595 1728 ,
1625 1671 1752 1718 tam
1775 1659 2007 1740 jejune,
2037 1671 2166 1718 tam
2209 1659 2442 1742 frigide
2479 1664 2552 1722 de

404 1763 821 1845 amplectendo
837 1759 1147 1824 Christum
1164 1808 1182 1832 ‚
1194 1760 1313 1825 hoc
1331 1777 1422 1824 est
1439 1807 1456 1840 ‚
1483 1763 1555 1824 de
1575 1784 1642 1826 re
1661 1744 1934 1825 omnium
1955 1765 2222 1827 maxima
2235 1765 2265 1825 ἲ
2281 1763 2550 1846 Quando

398 1889 545 1930 vero
566 1868 653 1930 sic
678 1869 1027 1948 loqueretur
1044 1866 1266 1932 Paulus
1294 1893 1310 1929 ι
1343 1894 1372 1925 α
1395 1883 1456 1932 et
1475 1870 1524 1931 si
1541 1891 1663 1930 sors
1689 1890 1981 1952 prospere
1999 1869 2324 1938 annuerit?
2353 1898 2389 1924 τι
2407 1869 2548 1932 Non

400 1994 577 2035 ausus
603 1987 696 2036 est
719 1974 1033 2060 nominare
1046 1973 1260 2049 ‹Deum
1282 2019 1299 2050 ,
1323 1996 1510 2055 quem
1531 1971 1764 2037 Seneca
1783 1995 2052 2058 paganus
2069 1976 2254 2036 toties
2271 1977 2547 2037 nominat

398 2081 462 2140 in
490 2080 724 2163 scriptis
748 2081 915 2142 suis?
942 2077 1101 2142 Illud
1132 2079 1421 2165 insignitae
1445 2083 1751 2164 cujusdam
1780 2082 2035 2143 stultitiae
2060 2096 2152 2144 est
2173 2128 2192 2157 ,
2227 2086 2404 2164 quod
2433 2081 2546 2144 Se-

397 2207 547 2249 neca
586 2187 770 2249 mittit
807 2184 998 2250 Paulo
1040 2187 1264 2276 librum
1304 2191 1378 2251 de
1420 2189 1592 2273 copia
1633 2188 1961 2252 verbor-um
1993 2234 2012 2267 ,
2068 2209 2189 2273 quo
2247 2203 2396 2272 post
2437 2189 2546 2252 hac

397 2292 615 2355 melius
644 2292 867 2357 scribat
894 2292 1195 2357 Romane.
1220 2293 1410 2376 Atqui
1437 2296 1490 2355 si
1517 2292 1741 2368 Paulus
1761 2296 2075 2360 nesciebat
2102 2295 2292 2357 latine
2311 2340 2334 2369 ‚
2367 2312 2544 2379 pote-

397 2411 489 2460 rat
516 2420 717 2483 graece
760 2400 1027 2464 scribere
1046 2420 1279 2482 ‚quum
1322 2421 1510 2484 graece
1555 2414 1762 2464 nosset
1803 2398 2054 2464 Seneca.
2087 2398 2218 2481 Qui
2261 2402 2544 2463 convenit

400 2520 636 2584 autem,
676 2521 741 2567 ut
770 2528 954 2588 quum
989 2505 1220 2569 Seneca
1251 2511 1467 2571 doceat
1490 2508 1837 2592 philosophi
1869 2508 2191 2570 dictionem
2235 2510 2542 2569 sententiis

398 2632 659 2695 gravem⁸
666 2612 866 2694 potius
881 2657 899 2690 ‚
922 2634 1103 2695 quam
1129 2612 1329 2698 verbis
1349 2628 1626 2678 ornatam
1651 2636 1780 2675 esse
1803 2612 2025 2676 debere
2043 2658 2061 2690 ‚
2081 2612 2325 2674 nuncin
2351 2611 2537 2674 Paulo

400 2717 671 2797 requirat
693 2712 959 2781 Romani
981 2721 1281 2784 sermonis
1304 2720 1574 2802 copiam?
1604 2719 1763 2782 Illud
1781 2719 2060 2791 omnium
2085 2719 2538 2800 impudentissi-

398 2842 569 2882 mum
587 2867 605 2897 ‚
636 2825 798 2904 quod
823 2844 1008 2905 quum
1038 2824 1219 2887 faciat
1242 2823 1544 2887 Senecam
1563 2826 1626 2885 in
1655 2823 1931 2907 apostolo
1955 2822 2411 2885 desiderantem
2437 2844 2540 2887 eo-

353 2946 360 2961 ·
398 2927 564 3011 piam
606 2942 667 2989 et
699 2928 926 2990 cultum
966 2931 1262 2991 sermonis
1286 2976 1304 3007 ,
1339 2944 1540 2993 tamen
1577 2930 1639 2990 in
1664 2930 1760 2991 his
1789 2928 2058 3011 epistolis
2098 2928 2294 2989 nihilo
2326 2931 2536 2993 cultius

399 3035 605 3098 scribit
627 3032 860 3098 Seneca
892 3056 1075 3117 quam
1097 3034 1319 3098 Paulus
1344 3062 1360 3108 ς
1395 3037 1501 3098 sed
1530 3056 1640 3121 par
1664 3047 1754 3098 est
1783 3036 2087 3116 utriusque
2113 3034 2458 3111 balbuties,
2483 3051 2536 3098 et

400 3162 683 3203 sensuum
694 3141 883 3223 frigus
898 3155 1075 3222 atque
1092 3140 1335 3225 ineptia.
1353 3140 1586 3206 Saltem
1599 3141 1799 3222 aliqua
1817 3162 1888 3203 ex
1901 3154 2075 3223 parte
2093 3136 2346 3203 Senecae
2365 3142 2534 3224 phra-

398 3248 513 3308 sim
542 3248 816 3308 aemulari
847 3247 1138 3310 debuerat
1160 3294 1178 3324 ‚
1231 3248 1458 3329 aliquid
1497 3269 1570 3309 ex
1599 3244 1871 3311 Paulinis
1899 3245 2170 3332 epistolis
2199 3246 2492 3330 effingere
2511 3294 2528 3319 ,

398 3354 496 3415 vel
522 3340 900 3415 vehementia
933 3369 993 3417 et
1020 3355 1383 3441 sublimitate
1408 3354 1705 3417 dictionis.
1737 3350 2018 3415 Scurrilis
2045 3352 2420 3435 impudentia
2453 3366 2530 3415 est

400 3461 486 3525 sic
502 3459 702 3525 facere
721 3461 1071 3543 loquentem
1090 3442 1390 3533 Senecam
1415 3484 1432 3519 ε
1453 3459 1834 3543 blasphemia
1855 3472 1946 3521 est
1964 3458 2050 3521 sic
2070 3456 2274 3521 facere
2291 3458 2530 3543 loquen-

395 3578 519 3627 tem
554 3563 832 3629 Paulum.
858 3568 1001 3630 Non
1024 3568 1263 3646 dubito,
1288 3569 1432 3649 quin
1454 3567 1549 3629 vel
1575 3566 1763 3628 mulio
1789 3611 1806 3642 ,
1834 3565 1928 3627 vel
1949 3585 2132 3648 agaso
2159 3562 2412 3629 Senecae
2431 3569 2530 3629 mi·

398 3694 510 3734 nus
536 3672 738 3755 inepte
766 3674 945 3734 suerit
968 3655 1315 3756 scripturuS.
1339 3672 1530 3736 Paulo
1565 3694 1711 3734 vero
1739 3672 1882 3752 quid
1912 3683 2004 3732 est
2031 3672 2232 3732 minus
2263 3674 2524 3755 jejunum

398 3794 501 3848 aut
536 3780 1050 3845 somniculosum?
1090 3780 1175 3843 Et
1200 3796 1404 3843 tamen
1443 3782 1504 3842 in
1541 3780 1653 3842 has
1701 3776 1984 3863 epistolas
2015 3790 2247 3840 exstant
2295 3780 2524 3842 verbosi

397 3889 840 3953 commentarii.
858 3886 1022 3969 Quid
1036 3888 1131 3951 his
1147 3888 1382 3971 judiciis
1399 3886 1645 3953 caecius?
1666 3884 1812 3949 Haec
1832 3906 1956 3947 non
1973 3886 2396 3962 admonerem,
2417 3888 2521 3949 nisi

392 3996 609 4060 talibus
629 3996 977 4080 imposturis
996 3995 1252 4057 nimium
1273 4008 1333 4057 et
1351 3995 1414 4058 in
1431 3994 1568 4055 aliis
1586 3993 1850 4055 tribuant
1865 3992 2170 4053 interdum
2187 3990 2518 4057 Christiani.
