2667 4475
453 266 964 363 PRYSIOL.
1019 266 1545 338 STOICOR.
1596 269 1794 339 LIB.
1846 270 1956 339 ΙΙ.
2132 275 2266 367 589

89 414 252 475 artis
293 432 527 493 expers,
561 424 620 471 et
651 423 990 472 convertens
1021 412 1082 471 in
1117 432 1180 473 se
1211 432 1383 471 omne
1410 410 1743 472 alimentum
1776 436 1793 471 z
1822 412 2061 473 alterum
2088 415 2273 475 artifi-

89 520 262 579 ciale
283 561 300 591 ,
331 516 488 599 quod
522 528 694 599 auget
727 538 819 577 res
857 530 917 577 et
948 530 1278 591 conservat,
1319 518 1467 578 sicut
1500 519 1563 577 in
1598 518 1808 599 plantis
1836 519 2181 600 conspicitur
2214 531 2274 581 et

90 625 480 686 animalibus.
518 624 648 683 Hoc
689 636 878 684 autem
925 624 1140 683 Natura
1179 636 1266 684 est
1283 668 1300 699 ,
1355 635 1414 683 et
1458 625 1685 685 Anima.
1730 624 1919 707 Atque
1953 626 2078 705 ejus
2114 626 2273 709 Ignis

91 732 424 793 essentiam
443 744 722 791 astrorum
740 751 928 790 esse.»
951 727 1147 811 (Stob.
1175 728 1381 813 Phys.)
1396 730 1577 791 Vides
1598 731 1751 792 hunc
1776 730 2019 815 Ignem?
2043 732 2273 795 Frustra

91 842 293 922 igitur
323 850 519 899 censet
547 850 608 899 et
635 838 798 897 timet
824 836 1154 897 Aristoteles
1187 833 1260 918 (Ι
1297 836 1544 898 Meteor.
1580 860 1709 921 cap.
1752 836 1833 920 3)
1873 863 1891 898 a
1934 865 1963 892 κ
1989 840 2049 901 Si
2086 841 2270 901 inter-

91 946 264 1005 valla
303 944 594 1005 stellarum
630 943 804 1025 plena
850 943 984 1025 igne
1039 954 1228 1003 essent
1266 942 1419 1024 (ipsi
1454 942 1664 1026 orbes)
1704 958 1763 1005 et
1801 968 2039 1028 corpora
2079 968 2275 1009 earum

94 1075 176 1112 ex
229 1052 370 1133 igne
392 1094 411 1124 ,
447 1051 566 1131 jam
604 1050 832 1131 pridem
867 1049 1140 1131 quodque
1169 1049 1411 1109 aliorum
1446 1048 1876 1111 Elementorum
1910 1053 2277 1136 absumptum

93 1159 464 1220 evanuisset.
499 1183 526 1211 υ
579 1156 734 1216 Pone
775 1168 1032 1228 metum3
1069 1156 1268 1237 'neque
1313 1156 1613 1216 intervalla
1654 1157 1847 1215 omnia
1892 1157 2095 1240 Ignem
2114 1202 2133 1235 ,
2173 1160 2279 1221 sed

91 1268 286 1349 ignea
317 1264 560 1325 dicimus
590 1288 606 1323 ε
641 1275 699 1323 et
725 1285 762 1324 a
786 1264 888 1323 tali
919 1265 1038 1343 jam
1064 1262 1351 1345 descripto
1382 1274 1667 1323 servatore
1696 1263 1861 1345 igne;
1896 1283 2070 1342 quem
2103 1262 2277 1325 Atti-

72 1370 276 1453 ficem
327 1371 482 1431 Zeno
535 1370 676 1433 dicit
695 1414 714 1445 ‚
769 1382 828 1430 et
875 1370 989 1429 alio
1025 1370 1230 1443 verbo,
1275 1391 1451 1429 sensu
1491 1370 1817 1445 consimili,
1857 1372 2029 1451 νοσρόν
2064 1371 2275 1451 passim

95 1480 206 1538 alii
237 1503 256 1537 ε
285 1480 566 1539 intellectu
606 1478 904 1558 proeditum
919 1498 946 1550 ,·
973 1499 1091 1537 non
1131 1478 1363 1537 brutum
1402 1478 1565 1538 illum
1604 1490 1663 1537 et
1700 1496 2027 1537 exsensum.
2070 1476 2275 1559 Ignem

97 1587 294 1669 igitur
327 1584 515 1645 Solem
552 1595 789 1645 censent
827 1606 846 1643 ε
883 1595 942 1643 et
967 1585 1230 1664 increpat
1265 1584 1485 1645 Seneca
1518 1582 1654 1665 (ΙΙΙ
1685 1584 1779 1643 De
1802 1582 2085 1644 Benef.'c.
2134 1581 2271 1665 31),

103 1720 133 1745 κ
164 1694 279 1774 qui
311 1714 512 1751 saxum
549 1690 782 1773 aliquod
800 1734 819 1766 ,
864 1702 964 1751 aut
998 1690 1359 1751 fortuitorum
1395 1692 1617 1773 ignium
1647 1691 1879 1773 globum
1902 1736 1920 1765 ‚
1958 1703 2015 1751 et
2049 1690 2277 1772 quidvis

101 1800 306 1881 potius
332 1821 508 1881 quam
539 1798 728 1857 Deum
750 1798 1063 1880 appellant.
1094 1824 1122 1849 ›-
1149 1797 1268 1857 Ubi
1291 1797 1367 1858 de
1396 1798 1591 1868 Saxo,
1627 1798 1701 1858 ad
1722 1796 2279 1881 Anaxagoramper-

101 1910 303 1967 tinet:
329 1906 450 1967 sive
487 1918 546 1966 et
573 1906 650 1966 ad
688 1905 1081 1965 Democritum
1107 1948 1124 1977 ,
1159 1906 1260 1986 qui
1299 1906 1441 1965 item
1475 1904 1623 1965 dixit
1656 1930 1685 1959 α
1710 1902 1927 1965 ferrum
1953 1903 2048 1963 vel
2076 1924 2279 1963 saxum

101 2013 394 2074 candens.
425 2040 454 2067 a
490 2012 584 2073 De
613 2010 674 2071 F
669 2013 872 2072 onusto
891 2012 1078 2091 globo,
1108 2010 1184 2073 ad
1205 2009 1523 2093 Epicurum
1540 2056 1555 2082 ,
1592 2012 1694 2093 qui
1718 2024 1909 2071 tamen
1932 2032 2048 2070 non
2068 2031 2277 2091 purum

101 2123 310 2204 ignem
343 2122 572 2191 statuit3
610 2119 712 2181 sed
756 2133 1096 2181 «terrenum
1133 2117 1347 2179 fartum
1390 2139 1515 2177 esse
1541 2161 1558 2190 ,
1594 2118 1841 2197 pumicis
1883 2128 1983 2176 aut
2027 2118 2277 2199 spongiae

102 2228 318 2302 instar,
347 2229 423 2289 ab
457 2229 594 2309 igne
619 2248 726 2308 per
757 2226 1036 2288 foramina
1068 2247 1395 2286 accensum.
1422 2251 1451 2278 a
1481 2222 1587 2283 Est
1616 2224 1791 2305 igitur
1811 2224 2017 2284 nostris
2040 2223 2279 2304 aliisque

102 2335 280 2418 Ignis
309 2347 408 2394 aut
442 2334 656 2414 Igneus
693 2356 710 2390 ε
750 2355 864 2392 non
893 2331 1182 2392 Aristoteli
1204 2374 1222 2405 ,
1261 2332 1363 2412 qui
1401 2330 1573 2390 etiam
1606 2329 1856 2390 calorem
1889 2331 1965 2390 ab
1997 2351 2067 2390 eo
2102 2331 2272 2391 tollit.

102 2441 372 2500 Damnat
407 2437 740 2496 Ambrosius
760 2479 778 2510 ,
819 2450 876 2496 et
915 2435 989 2496 ad
1025 2447 1246 2496 nostros
1284 2434 1525 2494 inclinat
1558 2432 1879 2516 (Hexaem.
1915 2435 1979 2493 ΙΙ
1996 2477 2015 2510 ,
2062 2457 2115 2494 c.
2152 2435 2229 2516 3)
2256 2460 2272 2496 ε

109 2573 139 2600 «ι
163 2547 424 2605 Tantum
451 2555 641 2604 autem
667 2543 819 2602 inest
849 2541 962 2602 illis
996 2539 1385 2624 (Philosophis
1418 2538 1655 2622 talibus)
1689 2540 2091 2624 impugnanda:
2116 2543 2282 2602 veri-

107 2656 250 2714 tatis
281 2651 534 2712 studium
555 2693 574 2724 ,
603 2661 670 2710 ut
693 2647 882 2709 Solem
913 2649 1104 2730 ipsum
1131 2660 1344 2730 negent
1373 2647 1568 2708 calidae
1595 2661 1811 2709 naturae
1839 2669 1963 2708 esse
1978 2691 1995 2723 ,
2028 2670 2097 2708 eo
2122 2649 2283 2730 quod

110 2763 286 2822 albus
315 2759 426 2832 sit,
459 2779 578 2817 non
607 2755 964 2817 rubicundus
1004 2768 1104 2816 aut
1147 2755 1355 2816 rutilus
1383 2755 1445 2814 in
1470 2755 1722 2836 speciem
1750 2757 1920 2839 ignis.
1948 2781 1977 2810 υ
2010 2755 2135 2816 Etsi
2160 2755 2281 2816 haec

109 2881 172 2928 et
202 2865 342 2926 talia
370 2864 508 2924 satis
545 2862 784 2924 fortasse
813 2863 1146 2944 exsequitur
1163 2906 1182 2937 ,
1218 2872 1277 2922 et
1307 2860 1535 2922 rideant
1570 2860 1745 2923 hodie
1781 2863 1843 2922 in
1879 2861 2117 2922 Scholis.
2155 2862 2281 2922 Ad·-

112 2975 294 3034 debat
320 2969 601 3045 Laertius,
639 2998 668 3026 ιι
693 2970 975 3051 Maiorem
1001 2982 1152 3031 terra
1181 2991 1326 3030 esse.
1354 2995 1383 3022 n
1418 2967 1496 3032 Et
1518 2992 1671 3030 nunc
1702 2971 2067 3031 consentiunt
2091 2982 2277 3040 astro-

114 3101 248 3140 rum
281 3079 524 3140 consulti
546 3121 563 3152 ,
597 3077 930 3158 faciuntque
962 3103 991 3131 u
1021 3076 1236 3137 centies
1273 3077 1534 3159 sexagies
1560 3075 1753 3157 qexies
1774 3103 1803 3130 »ι
1836 3077 2134 3156 majorem.
2170 3075 2278 3138 Se-

115 3209 264 3246 neca
293 3186 365 3271 (1
395 3186 606 3262 Quaest.
641 3185 772 3246 Nat.
807 3206 937 3266 cap.
979 3181 1052 3264 3)
1082 3206 1101 3241 =
1139 3207 1168 3236 α
1203 3181 1395 3242 Solem
1417 3227 1435 3257 ,
1467 3173 1641 3265 quem
1680 3193 1799 3243 toto
1829 3183 1969 3244 orbe
1988 3195 2274 3246 terrarum

115 3295 396 3373 majorem
429 3293 632 3374 probat
663 3291 809 3353 ratio
828 3335 846 3363 ,
889 3291 1040 3350 acies
1077 3300 1272 3349 nostra
1301 3289 1383 3348 sic
1412 3289 1725 3364 contraxit,
1755 3301 1823 3348 ut
1848 3290 2133 3370 sapientes
2162 3291 2273 3352 viri

117 3396 464 3482 (Epicurei)
490 3398 756 3480 pedalem
785 3418 909 3458 esse
937 3394 1354 3456 contenderint.
1378 3420 1407 3448 »
1430 3393 1599 3469 Quod
1627 3407 1847 3456 veteres
1872 3407 2066 3456 tamen
2094 3399 2272 3458 nostri

118 3505 394 3565 Doctores
419 3502 578 3564 haud
615 3505 696 3564 ita
735 3505 1032 3564 affirmant.
1070 3501 1463 3561 Damascenus
1495 3524 1513 3558 ι
1550 3527 1578 3555 α
1603 3500 1699 3561 Sol
1729 3523 1762 3561 a
1796 3501 2137 3583 quibusdam
2169 3504 2273 3564 di·-

120 3612 270 3671 citur
289 3611 480 3672 multis
509 3611 768 3692 partibus
795 3623 946 3670 terra
977 3609 1179 3688 major,
1210 3631 1245 3667 a
1272 3607 1483 3667 sanctis
1515 3620 1705 3668 autem
1726 3608 1989 3669 Patribus
2010 3609 2063 3670 ei
2088 3631 2213 3691 par.
2238 3636 2265 3662 υ

120 3715 340 3790 Quibus
366 3715 794 3776 Anaximander
821 3715 958 3774 olim
985 3714 1336 3774 consenserit
1354 3757 1373 3787 ‚
1405 3735 1661 3774 asserens
1698 3739 1726 3769 κ
1752 3713 1940 3776 Solem
1966 3727 2119 3776 terra
2150 3735 2266 3772 non

121 3825 402 3887 minorem
445 3847 590 3886 esse.
619 3851 648 3878 »ι
683 3824 760 3884 At
787 3835 1186 3906 argumentum
1227 3822 1288 3881 in
1339 3820 1565 3882 Laertio
1612 3821 2023 3904 magnitudinis
2043 3865 2061 3895 ,
2109 3819 2265 3902 quod

131 3958 156 3984 κ
191 3943 400 3993 terram
427 3933 672 3994 illustret
689 3976 706 4006 ,
737 3943 907 4013 atque
935 3930 1106 3990 etiam
1137 3927 1358 3988 caelum.
1385 3955 1413 3982 ι»
1447 3927 1747 4014 Quomodo
1767 3927 2005 3988 caelum?
2034 3947 2167 3988 nam
2192 3927 2266 3988 de

127 4050 273 4098 terra
303 4040 504 4122 liquet.
555 4039 740 4100 Credo
759 4082 776 4114 ,
824 4037 979 4120 quod
1019 4036 1113 4098 vel
1159 4034 1256 4096 det
1299 4035 1473 4096 stellis
1514 4035 1639 4096 aliis
1669 4034 1865 4098 lumen
1883 4077 1900 4109 ,
1937 4034 2033 4094 vel
2062 4046 2267 4116 augeat
