2667 4475
439 284 930 357 PHYSIOL.
980 282 1491 372 STOICOR.
1538 285 1735 357 LIB.
1784 286 1895 357 ΙῙ.
2096 292 2227 385 593

101 429 924 517 «igneamquidemuaturam
951 426 2243 504 anu-orum‚sedhnl›ereefiamterremoor-

93 562 244 623 pora
273 539 454 601 mixta
471 578 490 612 ,
519 556 648 619 quae
671 558 804 597 cum
833 536 904 597 iis
929 534 1423 611 circumferantur,
1446 526 1895 619 inaspectabilia.
1923 564 1953 592 ιο
1987 538 2245 600 Fuerunt
2380 606 2385 613 ,

97 647 274 707 etiam
303 643 404 727 qui
434 662 638 715 saxea,
667 654 770 703 aut
793 660 932 701 saxa
957 640 1292 714 crederent;
1319 641 1483 703 fuere
1508 643 1609 723 qui
1630 641 1817 705 ferrea
1840 665 1857 704 ε
1878 664 2021 727 quos
2048 666 2245 706 omnes

95 752 322 815 Seneca
345 748 442 810 hic
467 748 670 831 tangit.
695 748 796 809 Ait
821 746 1065 829 amplius
1081 788 1100 823 ,
1131 774 1162 803 ιι
1187 746 1393 832 Ignem
1422 749 1672 811 alienum
1690 769 1945 833 pascere.
1971 776 2001 807 n
2025 752 2249 835 Nempe

99 858 446 931 aethereum,
491 855 585 915 cui
629 866 815 915 terrea
845 854 943 915 illa
974 875 1212 938 corpora
1242 856 1451 915 aliena.
1476 856 1605 919 'Sed
1632 868 1693 917 et
1728 858 1903 921 Stoici
1930 870 2157 941 pastum
2187 861 2250 920 in

98 963 402 1025 Sideribus
428 971 778 1044 agnoscunt,
809 972 982 1043 atque
1005 960 1082 1022 ali
1103 962 1407 1043 vaporibus
1428 974 1490 1022 et
1506 972 1641 1023 aere
1658 962 1939 1027 fervidam
1960 966 2119 1027 illam
2142 988 2251 1025 na·-

97 1084 298 1131 turam
337 1068 555 1129 volunt.
601 1063 900 1141 Laertius,
947 1064 1216 1128 «Nun-iri
1247 1078 1421 1149 atque
1460 1062 1537 1129 ali
1569 1068 1630 1129 et
1665 1068 1785 1131 haec
1814 1072 1995 1155 ignita
2024 1070 2255 1155 (Solem

101 1190 172 1239 et
194 1173 457 1258 Lunam)
481 1186 540 1236 et
561 1185 750 1235 cetera
769 1184 939 1235 astra.
969 1172 1159 1235 Solem
1183 1172 1419 1257 quidem
1444 1195 1655 1259 magno
1680 1176 1857 1253 mari,
1884 1178 2043 1260 quod
2064 1181 2140 1240 sit
2156 1178 2257 1241 sax

105 1298 174 1347 et
221 1283 480 1373 accensio
529 1280 790 1365 quaedam
835 1280 1130 1341 intellectu
1171 1268 1428 1365 praedita.
1474 1280 1696 1343 Lunam
1734 1294 1957 1359 autem,
1991 1302 2067 1346 ex
2095 1287 2261 1368 aquis

107 1364 380 1455 dulcibus
406 1402 464 1451 et
490 1388 872 1471 potabilibus,
903 1389 1060 1470 quod
1084 1390 1158 1449 sit
1167 1390 1298 1449 ueri
1325 1390 1647 1471 permixta,
1678 1402 1736 1449 et
1758 1390 2001 1452 vicinior
2025 1404 2260 1453 terrae.»

108 1499 369 1559 Primum
390 1540 409 1573 ,
454 1497 720 1557 universe
759 1494 910 1577 dicit!
939 1495 1132 1555 omnia
1173 1492 1363 1556 sidera
1400 1496 1627 1555 nutriri.
1660 1492 1737 1555 Et
1762 1494 1979 1558 Seneca
2007 1486 2260 1579 (Quaest.

105 1606 317 1666 Natur-
353 1602 415 1664 ΙΙ
436 1647 456 1679 ,
488 1624 616 1684 cap.
649 1599 735 1684 5)
766 1625 787 1661 ι
819 1628 848 1655 α
870 1598 966 1661 Ex
994 1584 1132 1660 caelo
1163 1613 1223 1661 et
1251 1614 1403 1661 terra
1430 1600 1699 1661 alimenta
1734 1586 1999 1663 omnibus
2038 1605 2270 1665 anima-

107 1712 268 1772 libus
285 1752 304 1785 ‚
327 1708 592 1770 omnibus
621 1708 758 1767 satis
775 1750 794 1783 ,
820 1706 1084 1767 omnibus
1110 1705 1287 1767 stellis
1314 1704 1669 1767 dividuntur.
1695 1690 1851 1767 'Hinc
1879 1692 2163 1793 quidquid
2185 1726 2273 1773 est

111 1818 327 1878 virium
361 1816 637 1899 singulum
682 1814 817 1874 hinc
851 1813 963 1895 ipsi
995 1811 1218 1874 Mundo
1237 1856 1258 1887 ,
1290 1824 1411 1873 tam
1440 1812 1621 1873 multa
1653 1816 1946 1897 poscenti,
1982 1803 2274 1879 submini-

113 1934 373 1987 stratura
355 1922 532 1984 ·hinc
557 1920 865 2005 profertur,
890 1927 1008 2002 qiifi
1034 1920 1423 1981 sustineantur
1440 1931 1526 1981 tot
1547 1918 1767 1997 sidera,
1790 1932 1908 1984 tam
1933 1927 2273 2008 exercitata,

113 2044 240 2092 tam
266 2028 469 2106 avida,
501 2050 608 2113 per
636 2029 791 2091 diem
820 2041 1200 2111 noctemque,
1229 2040 1298 2088 ιιι
1328 2030 1391 2089 in
1419 2049 1627 2111 opere,
1659 2030 1742 2090 sic
1770 2030 1833 2091 in
1859 2043 2107 2129 pastu.»
2078 2036 2277 2095 »Pli-

113 2138 252 2198 nius
291 2138 500 2198 iterum
541 2136 762 2199 Stoicus
790 2133 930 2218 (lib.
982 2134 1078 2211 ΙΙ,
1124 2157 1254 2217 cap.
1285 2132 1479 2220 9):«
1451 2129 1705 2217 “Sidera
1734 2156 1873 2196 vero
1902 2120 2059 2199 baud
2096 2125 2273 2201 dubie

117 2234 362 2305 humore
381 2256 608 2305 terreno
629 2244 848 2326 pasci.»
819 2241 1118 2302 »Terrena
1133 2239 1581 2302 tanmmPimmo
1600 2252 1659 2302 et
1676 2243 1899 2303 marino
1914 2242 2043 2326 (sed
2058 2239 2276 2306 utriun-

117 2371 240 2434 que
270 2349 666 2410 elementiun
649 2371 710 2409 m
752 2364 870 2406 uno
908 2344 1216 2454 intelligit)
1243 2350 1415 2426 atque'
1449 2367 1523 2405 ex
1548 2344 1675 2406 aliis
1704 2348 1905 2428 aquis,
1936 2349 2063 2432 ipso
2090 2337 2277 2412 Plinio

121 2451 428 2516 addicente
449 2450 590 2534 (lib.
625 2449 730 2526 ΙΙ,
759 2473 888 2542 cap.
925 2426 1143 2534 3'3)=«
1115 2447 1423 2510 «oceanus
1455 2471 1653 2537 omnes
1679 2450 1926 2515 fundens
1954 2458 2275 2539 recipiens-

122 2582 242 2644 que
272 2581 484 2642 aquas,
517 2581 585 2620 ac
626 2557 862 2618 sidera
843 2579 1004 2639 ipsa,
1048 2568 1134 2618 tot
1174 2570 1232 2618 et
1273 2568 1443 2618 tantae
1470 2546 1917 2641 magnitudinis,
1950 2585 2270 2644 pascens.»

127 2668 518 2751 Panegyricus
545 2659 918 2726 Cbnstantino
937 2662 1167 2724 dictus.
1200 2661 1447 2724 «Itum
1472 2663 1547 2725 ad
1576 2662 1747 2742 deos,
1777 2669 2091 2750 genitorem
2112 2669 2276 2730 illum

129 2774 408 2848 deorum,
451 2775 620 2857 ignea
661 2771 782 2833 caeli
819 2784 970 2832 asu-a
1013 2769 1399 2845 refoventem,
1428 2774 1725 2855 prospexit
1754 2770 2129 2836 Oceanum.»
2168 2765 2278 2838 Ci-

127 2903 265 2944 cero
282 2877 350 2965 (I
371 2877 503 2940 Nat.
531 2880 706 2940 Deor.
712 2876 840 2961 )=«
810 2877 1007 2939 «Sunt
1029 2891 1220 2939 autem
1246 2877 1419 2939 stellae
1445 2892 1649 2940 natura
1668 2875 1983 2954 flammeam
2009 2885 2275 2964 quocirca

129 3004 296 3051 terrae
315 3030 334 3061 ‚
368 2985 541 3048 maris
557 3031 574 3062 ,
604 3007 882 3069 aquarum
909 2987 1216 3068 vaporibus
1239 2985 1469 3047 aluntur
1508 2987 1578 3046 iis
1600 3030 1617 3064 ‚
1660 2987 1762 3070 qui
1800 3011 1834 3048 a
1871 2975 1999 3048 Sole·
2027 3011 2101 3049 ex
2128 2991 2279 3074 agris

131 3091 428 3178 tepefactis
445 3138 464 3168 ,
496 3105 556 3155 et
585 3115 658 3154 ex
685 3093 849 3176 aquis
864 3135 882 3167 ,
913 3092 1234 3152 excitantur
1258 3115 1276 3152 ι
1301 3089 1511 3175 quibus
1538 3093 1661 3152 altae
1690 3105 2083 3176 renovantque
2107 3095 2280 3157 stellae

127 3199 450 3262 refundunt
479 3196 684 3259 eodem
703 3241 721 3274 ,
757 3210 816 3259 et
841 3217 1066 3258 rursum
1095 3191 1328 3257 trahunt
1348 3197 1629 3260 indidem.
1660 3226 1689 3254 a
1722 3199 1911 3284 Atque
1930 3197 2065 3260 ideo
2084 3191 2279 3264 divina

131 3299 497 3367 Providentia
517 3305 841 3367 Macrobius
871 3303 1082 3365 factum
1113 3315 1278 3385 putat
1304 3301 1376 3388 (Ι
1402 3285 1465 3364 in
1492 3299 1721 3389 Somn.)
1750 3318 1818 3367 ιιι
1843 3301 1952 3368 sul>
1980 3331 2123 3371 zona
2152 3323 2281 3374 tor-

133 3412 262 3474 rida
286 3411 567 3474 locaretur
593 3411 855 3472 Oceanus
883 3433 899 3470 ι
930 3438 960 3465 u
983 3409 1070 3471 Ut
1085 3409 1272 3471 omnis
1294 3411 1567 3472 nimirum
1592 3413 1833 3474 latitudo
1850 3458 1869 3490 ,
1894 3437 2009 3498 qua
2028 3415 2126 3478 Sol
2146 3441 2279 3480 cum

134 3519 395 3602 quinque
414 3519 596 3602 vagis,
618 3530 678 3578 et
697 3515 859 3578 Luna
873 3560 890 3592 ,
919 3517 1070 3578 ultro
1099 3518 1357 3598 citroque
1384 3515 1743 3596 discurrunt„
1772 3518 2021 3582 habeant
2039 3523 2279 3604 subjecti

133 3623 392 3684 humoris
419 3623 766 3684 alimoniam.
801 3649 830 3676 »
862 3621 1047 3698 Quam
1081 3621 1332 3704 Syrtium
1362 3621 1535 3683 etiam
1580 3641 1808 3686 eausam
1835 3621 2097 3689 Lucanus
2135 3651 2283 3711 pro-

137 3729 301 3812 ponit
337 3727 479 3812 (lib.
508 3727 632 3802 IX,
665 3724 827 3808 313)
856 3750 874 3785 ι

468 3839 616 3907 Quod
635 3839 832 3910 rapidus
849 3839 992 3892 Titan
1005 3876 1022 3904 ,
1041 3848 1196 3910 ponto
1215 3860 1304 3896 aua
1321 3843 1510 3894 lumina
1524 3861 1725 3916 pascens
1736 3883 1754 3909 ,

465 3936 680 4002 AEquom
698 3930 934 3983 subduxit
948 3947 1080 3984 zoua
1104 3933 1263 3984 vicina
1283 3937 1507 4004 perusta.

137 4051 270 4116 Etsi
295 4049 648 4135 longiuscule
683 4071 820 4113 sane
851 4050 1048 4135 Syrtes
1089 4049 1161 4111 ab
1199 4071 1267 4110 ea
1305 4073 1447 4113 zona
1475 4053 1683 4116 absunt
1712 4078 1730 4115 ι
1760 4055 1864 4117 sed
1888 4057 2107 4120 scilieet
2130 4077 2288 4124 mare

479 4161 600 4233 IV·
1850 4165 1941 4236 38
