2667 4475
423 286 555 355 256

979 282 1060 349 L.
1115 278 1472 347 ANNAEI
1518 274 1951 345 SENECAE

425 444 456 481 «
491 417 785 509 Oportet
806 436 913 481 me
933 411 1310 481 ambulare¹
1327 436 1362 473 n
1390 410 1421 477 Ρ
1441 410 1587 476 Hoc
1606 414 1849 475 natura
1874 430 2017 475 non
2042 410 2295 503 recipit
2312 415 2537 506 ἰρι-ιι-

413 532 648 602 dentia
675 531 857 599 enim
897 530 961 598 ei
984 578 1005 612 ‚
1048 526 1243 621 cujus
1269 540 1408 609 est,
1444 525 1811 619 prospicit;
1854 547 1993 593 non
2030 524 2191 594 sibi.
2222 530 2397 597 Nam
2430 554 2537 598 nec

405 648 757 719 ambulare
789 660 1044 741 potest,
1081 660 1214 713 nec
1243 642 1525 729 sedere3
1570 664 1737 735 ergo
1759 642 2217 713 assensionem
2246 668 2387 716 non
2420 646 2538 715 ha·-

404 766 522 835 bet
552 792 569 833 t
608 762 798 858 quod
826 762 1282 832 assensionem
1307 783 1447 828 non
1480 756 1689 826 babet
1708 806 1727 840 ,
1766 757 2095 827 rationale
2128 761 2387 829 animal
2414 786 2533 829 non

295 918 356 972 ,Β
405 896 531 951 est.
578 882 811 950 Virtus
845 879 904 948 si
948 876 1203 947 animal
1231 889 1371 955 est,
1412 872 1741 943 rationale
1777 888 1881 943 est
1914 900 1929 940 :
1975 875 2309 945 rationale
2333 894 2535 946 autem

400 1022 539 1067 non
577 1011 679 1066 est
701 990 727 1032 ³
760 1022 776 1063 z
811 1018 978 1089 ergo
1011 1015 1143 1062 nec
1189 988 1468 1061 animal.
1508 990 1579 1059 Si
1614 989 1831 1057 virtus
1866 989 2117 1059 animal
2154 1009 2298 1080 est3
2340 995 2537 1063 virtus

397 1129 622 1181 autem
648 1110 902 1178 bonnm
937 1104 1204 1200 [omne]
1242 1120 1346 1173 est
1363 1096 1391 1148 ⁴
1425 1129 1442 1169 t
1474 1124 1673 1171 omne
1696 1102 1951 1171 bonum
1977 1104 2231 1173 animal
2255 1121 2385 1175 est.
2410 1110 2537 1175 Hoc

397 1224 612 1294 nostri
648 1223 968 1294 fatentur.
1019 1223 1291 1289 Patrem
1324 1238 1597 1286 servare
1616 1265 1634 1298 ‚
1674 1215 1929 1284 bonnm
1966 1231 2112 1304 este,
2156 1233 2229 1286 et
2268 1236 2537 1289 senten-

399 1342 555 1409 tiam
585 1338 964 1436 prudenter
993 1338 1070 1406 in
1093 1349 1334 1405 senatu
1369 1332 1601 1401 dicere
1618 1383 1640 1416 ,
1680 1331 1935 1401 bonum
1964 1350 2106 1421 est3
2139 1350 2209 1404 et
2225 1336 2413 1429 juste
2434 1338 2535 1406 de-

395 1480 680 1526 cernere
700 1507 719 1540 ,
761 1457 1016 1525 bonum
1048 1468 1152 1522 est
1185 1478 1201 1519 ε
1235 1474 1404 1545 ergo
1434 1464 1506 1517 et
1532 1464 1797 1543 patrem
1825 1472 2094 1519 servare
2124 1452 2379 1521 animal
2402 1471 2529 1539 est;

395 1589 464 1644 et
488 1571 868 1668 prudenter
887 1569 1288 1640 sententiam
1310 1564 1544 1635 dicere
1562 1558 1589 1599 ⁵
1609 1614 1627 1647 ,
1656 1564 1907 1632 animal
1924 1582 2053 1635 est.
2076 1568 2177 1635 Eo
2199 1591 2418 1661 usque
2438 1594 2535 1638 res

395 1690 711 1771 excedet,
752 1704 829 1757 nt
865 1688 1076 1755 risum
1109 1700 1347 1752 tenere
1372 1705 1515 1750 non
1541 1680 1779 1775 possis.
1817 1680 2205 1750 Prudenter
2236 1674 2493 1753 ‘tacere
2510 1736 2529 1763 ‚

396 1800 654 1869 bonnm
691 1814 793 1868 est
803 1828 828 1895 3
881 1820 1154 1868 coenare
1197 1796 1377 1865 bene
1396 1842 1419 1880 ‚
1470 1794 1725 1863 bonum
1760 1808 1865 1863 est
1907 1819 1924 1860 z
1980 1794 2073 1863 ita
2108 1811 2181 1864 et
2216 1810 2443 1867 tacere
2472 1814 2535 1866 et

397 1938 668 1985 coenare
701 1914 955 1984 animal
988 1909 1126 1983 est!

319 2108 333 2130 .
495 2034 641 2124 Ego
659 2080 678 2113 ,
712 2027 1174 2113 mehercules,
1207 2026 1486 2095 titillare
1512 2048 1651 2095 non
1678 2022 1983 2094 desinam
2004 2074 2025 2109 ‚
2063 2042 2133 2095 et
2160 2027 2358 2098 ludos
2376 2030 2530 2099 mihi

399 2171 481 2217 ex
520 2148 667 2217 istis
701 2145 1063 2215 subtilibus
1095 2145 1378 2239 ineptiis
1406 2142 1655 2211 facere.
1689 2142 1961 2211 Justitia
1986 2157 2056 2211 et
2090 2142 2455 2229 fortitudo,
2480 2145 2531 2211 si

466 2414 510 2447 ι.
547 2391 739 2464 Quom.
763 2403 959 2446 assent.
987 2392 1008 2459 (
1029 2387 1203 2463 supple
1229 2390 1413 2441 dicen-

394 2475 489 2541 do)
519 2493 534 2528 :
555 2482 756 2541 oportet
772 2489 854 2524 me
877 2470 1166 2524 ambulare.

462 2571 506 2603 ει.
539 2549 757 2619 Recipit.
791 2549 986 2602 Erasm-
1018 2561 1067 2602 et
1093 2557 1193 2600 tres
1219 2545 1324 2600 Pal,
1362 2554 1415 2597 at

393 2629 536 2683 Pinc.
569 2641 616 2682 et
641 2628 731 2682 alii
767 2627 916 2681 codd.
949 2627 1192 2696 praecipit
1228 2643 1246 2677 .·
1274 2623 1413 2678 unde

394 2705 597 2781 Lipsius
622 2707 762 2780 conj.
781 2703 873 2758 hoc
891 2715 1084 2758 natura
1108 2725 1211 2757 non
1225 2706 1413 2772 proece'-

383 2783 504 2854 pit?
519 2783 638 2838 Hoc
657 2795 852 2836 natum
870 2804 973 2836 non
993 2786 1185 2854 recipit,
1203 2782 1295 2835 int.
1313 2781 1413 2834 sibi

389 2882 497 2915 non
519 2874 720 2932 arrogat
743 2873 800 2912 ut
815 2859 985 2934 jubeat
1000 2898 1017 2927 ,
1035 2861 1122 2914 sed
1144 2858 1411 2931 prudentia

387 2942 508 2995 facit
536 2939 649 2992 boc.
676 2937 1166 2992 Ram-Prorsus
1199 2937 1410 2990 obscura

387 3033 460 3074 est
481 3019 652 3073 Rnhk.
668 3016 1030 3090 interpretati03
1048 3035 1220 3070 sensus
1235 3028 1409 3069 tamen

385 3108 518 3171 patet
540 3114 554 3150 z
574 3115 681 3149 non
721 3093 946 3148 naturale
977 3105 1051 3147 cst
1083 3094 1407 3168 prudentiam

385 3173 550 3227 dicere
589 3181 788 3243 oportet
814 3190 898 3224 me
938 3171 1248 3237 ambulen&
1286 3191 1405 3223 nam

384 3273 492 3306 non
515 3250 610 3305 sibi
635 3248 853 3304 consulit
873 3247 1167 3324 prudentia,
1191 3248 1278 3303 sed
1298 3248 1407 3302 ho-

382 3330 543 3392 mini;
566 3347 668 3382 non
689 3329 793 3402 ipsa
815 3327 1078 3401 prudentia
1093 3325 1407 3380 ambulaturo

384 3418 456 3460 est
475 3423 488 3458 ε
506 3425 623 3460 -non
657 3406 780 3458 dicit
814 3425 934 3479 ergo
963 3417 1158 3474 oportet
1183 3424 1404 3459 meam-

381 3485 579 3538 balare.
1327 3501 1333 3507 ·

448 3561 496 3614 3.
520 3561 804 3616 Rationale
829 3572 1004 3614 autem
1035 3581 1137 3614 non
1165 3572 1258 3614 est.
1287 3561 1400 3614 Pu-

381 3661 536 3716 gnare
555 3641 654 3696 boc
671 3642 834 3695 videri
845 3654 1034 3718 poterat
1049 3661 1164 3694 cum
1183 3661 1242 3694 eo
1257 3641 1399 3713 quod

381 3741 494 3792 pag.
511 3721 667 3794 sup-S
693 3722 749 3787 ⁸4
769 3721 933 3773 aiebat
949 3757 964 3785 ,
983 3724 1198 3772 vir-tutes
1217 3723 1399 3789 utique

375 3802 659 3852 rationales
675 3811 796 3852 sunt
807 3818 823 3851 .·
839 3811 892 3852 at
901 3819 1004 3851 non
1015 3809 1258 3871 pugnant,
1274 3817 1397 3852 nam

375 3874 426 3928 b.
451 3877 484 3928 l.
505 3896 561 3928 ex
585 3875 835 3952 superiore
866 3876 956 3929 lin.
981 3875 1278 3949 intelligitur
1297 3877 1395 3930 boc

377 3953 479 4007 diei
494 3994 509 4021 ,
548 3957 806 4009 rationale
841 3956 1052 4008 animal
1077 3965 1253 4008 autem
1289 3975 1392 4010 non

373 4041 466 4086 est.
491 4029 650 4087 Schw-

1575 2385 1623 2451 4.
1660 2385 1853 2438 Virtus
1890 2395 2069 2440 aaran
2110 2389 2307 2445 boumn
2344 2390 2525 2458 [ornae]

1510 2475 1602 2517 est.
1630 2465 1799 2537 Vulgo
1837 2466 2004 2534 nude,
2032 2471 2205 2522 vit-tus
2236 2481 2415 2524 autem
2442 2473 2525 2524 bo-

1510 2559 1639 2593 num
1668 2553 1773 2604 est,
1814 2541 1932 2595 edd.
1974 2565 2037 2598 ex
2078 2545 2153 2600 R.
2184 2546 2308 2615 Quo
2342 2549 2523 2622 posite,
2608 2545 2624 2558 ‘⁴

1512 2631 1619 2674 n'on
1650 2621 1838 2674 valebit
1860 2626 2217 2696 consequentia
2246 2626 2341 2682 ista
2358 2663 2374 2692 ,
2388 2646 2525 2680 anm

1510 2699 1701 2750 bonum
1730 2701 1945 2752 animul
1966 2713 2057 2755 est.
2090 2703 2257 2756 Multo
2283 2725 2405 2758 vero
2422 2725 2521 2756 ma-

1508 2775 1854 2849 gis·vitiosnm
1879 2778 2079 2834 videtur
2114 2781 2168 2834 id
2180 2821 2199 2844 ,
2242 2783 2385 2853 qnod
2416 2803 2467 2834 a.
2482 2803 2521 2836 c.

1507 2855 1581 2906 A·
1600 2853 1818 2922 babent,
1842 2859 2007 2910 virtus
2022 2869 2203 2912 autem
2220 2879 2325 2914 non
2340 2863 2521 2914 ὂαιωη

1504 2941 1583 2984 est
1596 2951 1615 2984 .·
1630 2944 1683 2984 at
1696 2931 1770 2986 ibi
1788 2951 1891 2986 non
1906 2950 1965 2986 ex
1980 2955 2105 2990 voce
2120 2956 2277 2992 omne
2292 2959 2519 3012 compen·

1507 3009 1649 3062 diosc
1666 3009 1850 3083 scripta
1876 3024 2045 3067 ortum
2064 3014 2338 3088 suspicatus
2356 3037 2487 3070 eram
2500 3057 2517 3083 ,

1505 3101 1561 3141 nt
1575 3089 1746 3142 minor
1758 3089 2029 3163 propositio
2043 3097 2218 3164 (quam
2234 3093 2413 3148 dicunt
2426 3095 2519 3146 din·

1503 3167 1694 3236 lectici)
1712 3167 1819 3222 hoec
1838 3182 1968 3222 esset
2004 3169 2169 3224 nie-tuh
2182 3182 2363 3224 autem
2376 3191 2517 3224 omne

1502 3248 1694 3301 bonum
1712 3257 1819 3313 αις
1840 3247 1928 3300 nbi
1947 3249 2229 3322 subjectum
2246 3253 2411 3322 (qnod
2428 3271 2515 3303 vo-

1504 3329 1677 3388 catur)
1713 3325 2071 3399 propositionis
2118 3327 2338 3402 intelligi
2376 3329 2516 3381 debet

1500 3421 1652 3455 omne
1670 3403 1881 3469 bonum,
1915 3406 2234 3477 pradicatum
2259 3427 2382 3462 vero
2402 3413 2513 3461 vir-

1500 3492 1600 3535 tus.
1624 3481 1789 3536 Saba.

1511 3585 1517 3594 ·
1564 3562 1613 3612 5.
1626 3561 2513 3618 Pmdenterseneente·amdiceoe.'re-

1496 3657 1633 3691 mere
1648 3640 1833 3693 omissa
1852 3639 2007 3712 vulgo
2026 3655 2129 3693 erat
2142 3642 2311 3696 modia
2330 3663 2443 3696 voz-
2454 3641 2513 3696 S·

1558 3727 1606 3780 6.
1644 3731 1929 3782 Prudenter
1960 3739 2125 3784 tacere
2138 3767 2152 3794 ,
2180 3731 2375 3784 bennum
2398 3743 2477 3784 est
2492 3751 2512 3784 .·

1494 3819 1695 3857 coenare
1723 3804 1847 3857 bene
1863 3844 1878 3867 ,
1906 3804 2099 3858 bonum
2118 3817 2213 3860 est.
2238 3807 2327 3861 sie
2362 3807 2509 3862 codd.

1491 3879 1637 3932 Pinc.
1656 3893 1708 3934 et
1726 3881 1873 3935 (ἂι-ιιι.
1892 3881 2121 3936 Muretus
2139 3885 2337 3958 proprio
2350 3885 2515 3939 Mane

1488 3957 2103 4030 secitzprudentertaceoe,
2120 3966 2511 4020 etcoenmebem

1485 4038 1537 4091 b.
1560 4057 1604 4090 e.
1634 4038 1814 4092 Ruhk.
