2667 4475
529 244 1016 316 PHYSIOL.
1066 231 1810 316 STOICORJLIB.
1866 245 1920 312 I.
2157 247 2288 313 503

128 411 270 450 non
309 399 517 471 potest.
547 415 575 442 υ
602 387 807 448 Ethoc
842 387 1057 449 Seneca
1090 389 1265 462 vidit,
1302 399 1362 448 et
1397 387 1616 448 fortiter
1648 385 2022 470 extulit(Ep.
2057 387 2248 469 1111)
2275 413 2294 448 z

134 525 171 551 «ι
196 495 395 556 Nemo
414 497 573 556 novit
600 495 794 556 deum.
822 495 991 556 Multi
1015 494 1087 554 de
1117 495 1214 554 illo
1234 496 1383 556 male
1407 495 1732 556 existimant
1749 497 2044 576 impune.»
2061 493 2215 570 Quin
2239 507 2300 556 et

130 625 361 684 causas
390 604 527 664 alibi
557 603 831 684 inquirit,
868 615 927 662 et
966 602 1173 683 promit
1205 600 1364 683 (vll
1397 601 1607 677 Quaest.
1641 625 1768 684 cap.
1813 599 1928 684 31)
1957 626 1972 660 ε
2006 627 2033 656 α
2058 603 2188 663 Sive
2215 603 2296 662 illi

132 722 317 770 tanta
346 710 625 769 subtilitas
653 721 712 769 et
734 709 957 770 claritas
978 719 1063 768 est
1078 751 1095 781 ,
1129 719 1400 790 quantam
1433 709 1704 789 consequi
1735 709 1886 768 acies
1911 706 2162 767 humana
2181 729 2298 768 noa

134 827 350 898 potest
364 838 381 888 ;
396 817 517 876 sive
532 817 592 876 in
610 816 873 876 sanctiori
898 797 1125 876 secessu
1150 816 1416 896 majestas
1431 828 1589 875 tanta
1609 815 1896 876 delituit.»
1920 813 2032 876 Piae
2057 827 2117 875 et
2135 815 2298 875 honae

134 923 409 982 rationes
442 944 461 981 z
494 921 645 982 addo
679 934 738 981 et
772 922 997 982 tertiam
1021 943 1053 982 e
1076 920 1432 981 Damasceno
1455 945 1472 980 e
1503 947 1530 975 a
1553 922 1814 1004 Cognitio
1843 942 2040 982 eorum
2066 933 2151 982 est
2173 943 2298 1003 quae

136 1028 305 1088 Sunt
328 1051 345 1100 3
376 1041 439 1088 at
454 1027 613 1089 Deus
635 1049 809 1110 super
835 1029 1024 1110 ipsum
1056 1026 1199 1088 Esse
1222 1026 1327 1088 Est
1351 1050 1368 1087 ε
1397 1049 1532 1110 ergo
1553 1039 1612 1086 et
1628 1047 1798 1109 supra
1819 1039 1990 1108 atque
2011 1039 2170 1088 extra
2191 1049 2302 1086 no-

136 1133 341 1192 titiam
362 1175 380 1206 ,
428 1135 566 1214 quia
608 1155 779 1216 supra
821 1132 1165 1194 Essentiam.
1197 1161 1225 1188 υ
1271 1133 1366 1194 De
1407 1146 1609 1194 natura
1661 1134 1854 1215 itaque
1904 1132 2028 1214 ejus
2067 1134 2298 1215 propria

136 1241 485 1300 omittamus
506 1284 524 1315 ,
566 1262 675 1301 nec
714 1241 825 1323 ipsi
875 1240 1181 1301 Christiani
1225 1241 1350 1320 ejus
1382 1241 1546 1322 gnari
1567 1284 1586 1315 ,
1629 1240 1742 1301 nisi
1776 1253 2057 1324 quatenus
2091 1241 2298 1301 divium

138 1349 356 1407 litterae
385 1369 489 1407 nos
517 1347 859 1421 docuemnt,
896 1348 1099 1408 leviter
1134 1361 1195 1408 et
1224 1349 1287 1408 in
1320 1361 1568 1430 gustum.
1603 1345 1786 1421 Nam,
1824 1361 1890 1407 ut
1921 1347 2127 1407 iterum
2163 1345 2297 1406 Da-

144 1475 457 1514 mascenns
478 1478 496 1514 ι
522 1479 551 1508 ιι
570 1454 741 1530 Quod
764 1477 835 1514 ex
861 1475 973 1514 usu
994 1467 1186 1515 nostro
1215 1457 1361 1514 scire
1391 1467 1544 1529 erat,
1579 1465 1956 1538 aperuerant3
1989 1453 2146 1534 qnod
2175 1471 2292 1512 non

148 1561 271 1620 tale
288 1603 306 1634 ,
348 1575 407 1620 et
446 1560 599 1622 ferre
638 1574 739 1621 aut
786 1581 994 1643 capere
1028 1583 1147 1621 non
1180 1573 1540 1642 poteramus,
1581 1569 1901 1620 tacuerunt.
1935 1583 1964 1612 ιι
2006 1558 2086 1618 Iis
2123 1558 2294 1641 igitur

144 1669 377 1742 missis,
406 1669 603 1750 magis
639 1689 765 1750 quae
808 1668 884 1729 de
921 1669 1046 1751 ipso
1084 1667 1197 1727 dici
1236 1680 1294 1728 ct
1333 1668 1566 1728 attribui
1604 1667 1789 1728 solent
1809 1709 1826 1740 ,
1867 1665 2170 1726 lustremus
2195 1689 2212 1723 ε
2237 1675 2295 1724 et

147 1797 265 1856 per
294 1796 360 1834 ea
393 1777 457 1835 in
484 1796 733 1834 amorem
756 1775 927 1834 simul
949 1788 1008 1834 et
1028 1774 1460 1835 admirationem
1499 1775 1624 1854 ejus
1654 1773 1951 1834 ducamur.
1984 1769 2294 1832 Enimvero

148 1901 388 1962 sagaces
420 1883 481 1942 in
516 1881 639 1940 istis
674 1881 881 1954 Stoici,
912 1881 1015 1941 sed
1046 1894 1105 1942 et
1134 1902 1388 1941 veraces.
1426 1879 1572 1940 Sunt
1603 1863 1791 1940 autem
1822 1880 1997 1938 trium
2033 1877 2154 1938 sere
2185 1899 2296 1960 ge·-

146 2005 359 2047 nerum
376 2030 393 2060 ,
424 2007 549 2069 qun
574 1988 647 2048 de
670 1987 769 2047 illo
786 2008 1161 2070 usui-panium
1192 1989 1444 2070 primum
1471 1985 1767 2070 negando,
1803 1999 1861 2046 et
1889 1991 1943 2067 ἐξ
1965 1991 2294 2067 ἀφαιρέσεως,

146 2106 221 2153 ut
258 2093 453 2154 dicunt
476 2093 661 2154 Graeci
686 2117 704 2154 ε
730 2095 877 2155 sicut
908 2117 1083 2176 quum
1117 2093 1416 2155 Infinitum
1435 2137 1454 2168 ‚
1477 2093 1830 2153 Immensum
1843 2135 1860 2164 ‚
1889 2091 2294 2173 Incorporeum

150 2199 431 2271 dicimus;
460 2199 607 2261 nihil
640 2201 791 2261 enim
826 2200 1171 2262 adstruimus
1190 2245 1208 2277 ,
1244 2223 1351 2261 nec
1379 2220 1502 2261 esse
1527 2198 1932 2281 significamus,
1953 2197 2058 2258 sed
2075 2196 2295 2277 aliquid

148 2321 274 2366 ’non
296 2326 438 2366 esse.
466 2307 722 2368 Alterum
742 2352 759 2381 ‚
776 2311 911 2370 κατὰ
930 2308 1329 2391 alicuju-vta
1348 2307 1603 2367 habitum
1620 2348 1637 2379 ,
1661 2318 1726 2364 ut
1741 2326 1920 2385 quum
1940 2302 2252 2363 Dominum
2271 2348 2288 2379 ,

154 2414 453 2475 Rectorem
475 2458 493 2489 ,
528 2414 753 2476 Patrem
788 2418 1139 2498 appellamus
1172 2438 1191 2474 ε
1220 2414 1602 2498 significantes
1637 2412 1754 2473 tale
1787 2432 1978 2494 agere,
2016 2425 2075 2470 et
2104 2410 2292 2471 taliter

152 2521 421 2580 affectum
454 2542 598 2581 esse.
632 2522 891 2582 Tertium
926 2522 1210 2603 denique,
1244 2521 1403 2603 quod
1419 2523 1553 2582 κατὰ
1575 2528 1755 2601 φύσιν,
1779 2518 2078 2579 secundum
2115 2528 2291 2579 nam-

152 2648 283 2687 ram
302 2627 499 2687 dicunt
520 2651 539 2687 a
564 2650 741 2709 quum
764 2629 980 2709 aliquid
998 2648 1273 2687 conamur
1294 2628 1347 2686 ei
1371 2628 1603 2687 insitum
1623 2639 1681 2687 et
1699 2626 1947 2686 amicum
1969 2626 2289 2701 ostendere,

152 2743 223 2791 ut
244 2722 499 2805 Justmn',
524 2732 747 2793 Bonum
765 2778 781 2807 ,
804 2734 1128 2816 Sapientem
1150 2754 1296 2793 esse.
1325 2732 1578 2791 Primum
1601 2753 1778 2815 genus
1799 2732 2146 2793 tutissimum
2165 2746 2252 2793 est
2271 2776 2288 2806 ,

153 2850 217 2897 et
248 2838 637 2913 admirationi,
678 2842 728 2899 si
762 2861 878 2900 non
911 2840 1119 2899 notitia·
1138 2882 1157 2912 ,
1183 2838 1319 2899 facit
1345 2862 1362 2899 z
1385 2840 1626 2899 alterum
1656 2852 1862 2911 tenue,
1899 2851 1956 2899 et
1987 2862 2104 2899 non
2125 2842 2235 2899 nisi
2257 2862 2292 2900 a

158 2946 333 3005 nostri
350 2988 368 3017 ‚
394 2958 493 3006 aut
524 2968 764 3027 operum
800 2946 923 3024 ejus
945 2988 963 3020 ,
987 2944 1265 3026 adspectu
1282 2946 1518 3006 ductum
1543 2968 1561 3003 ε
1585 2947 1816 3005 tertium
1835 2958 2076 3006 conatur
2095 2946 2256 3007 adire
2273 2991 2292 3021 ,

156 3052 263 3113 sed
292 3064 516 3111 arcetur
540 3075 556 3124 ;
586 3064 643 3111 et
665 3051 879 3134 aliquid
915 3053 1067 3111 circa
1102 3064 1366 3112 naturam
1387 3094 1404 3125 ,
1442 3053 1492 3111 si
1519 3073 1636 3111 non
1671 3054 1854 3135 ipsam
1876 3096 1892 3126 ,
1922 3052 2085 3114 libat.
2125 3052 2290 3114 Plura

106 3220 119 3230 ,
156 3162 219 3219 in
246 3158 333 3219 his
350 3159 555 3218 talibus
588 3169 721 3217 sunt
740 3202 757 3231 ‚
796 3157 997 3218 Stoicis
1026 3159 1197 3217 etiam
1220 3170 1460 3218 nactam
1486 3183 1504 3217 ε
1532 3158 1636 3219 sed
1671 3180 1777 3242 ego
1799 3160 2008 3219 eximia
2029 3160 2138 3219 tria
2159 3173 2298 3221 tau·-

158 3286 289 3348 gam
306 3306 323 3337 ,
351 3285 475 3345 qua
498 3264 688 3323 valide
710 3275 770 3322 et
792 3265 1007 3325 utiliter
1032 3264 1436 3325 adm-uxerunt
1459 3289 1478 3325 z
1502 3264 1686 3326 Unum
1711 3288 1834 3327 csse
1848 3309 1867 3338 ,
1891 3266 2112 3328 Bonum
2135 3290 2260 3329 esse
2275 3312 2294 3342 ‚

156 3372 452 3435 Pmov‘dum
492 3392 637 3431 esse.
680 3371 773 3431 De
800 3374 986 3455 primo
1002 3416 1018 3446 ,
1058 3374 1396 3454 praeiverant
1425 3372 1542 3451 jam
1566 3372 1662 3431 alii
1691 3370 2017 3457 Philosophi
2041 3419 2060 3447 ,
2087 3388 2144 3435 et
2163 3376 2299 3458 pul-

158 3479 293 3539 chre
332 3477 675 3561 Pythagoras
704 3502 720 3537 ε
746 3478 846 3560 qui
882 3500 998 3539 non
1040 3478 1225 3541 Unum
1260 3482 1492 3563 proprie
1530 3480 1653 3540 vult
1691 3492 1748 3540 et
1778 3482 1971 3542 Solum
2003 3481 2117 3542 diei
2133 3528 2152 3555 ,
2196 3483 2298 3542 sed

157 3587 445 3647 Soh'tatem
464 3599 521 3646 et
540 3584 823 3646 Unz’wtem
833 3584 1130 3667 aOptimez
1153 3608 1271 3647 non
1290 3587 1444 3647 enim
1465 3600 1688 3669 oportet
1705 3590 1898 3670 specie
1913 3588 2296 3649 accidentium

160 3694 237 3759 de
254 3692 347 3753 illo
368 3693 559 3753 dicere
582 3736 599 3766 ‚
622 3704 720 3753 aut
742 3694 952 3753 sentire
973 3716 990 3751 ε
1012 3692 1113 3753 sed
1132 3695 1313 3777 magis
1330 3706 1388 3753 et
1403 3694 1604 3755 deceat
1623 3706 1682 3755 et
1699 3694 1928 3769 doceat,
1947 3697 2300 3757 utsubstan-

160 3802 296 3859 tiam
325 3800 530 3861 efferri.
560 3799 723 3861 Philo
740 3799 971 3860 Judaeus
994 3798 1091 3880 (in
1108 3799 1212 3861 lib.
1236 3801 1406 3875 Quod
1423 3802 1582 3863 Deus
1599 3804 1676 3862 sit
1693 3802 2022 3885 immutab.)
2045 3828 2062 3863 ε
2089 3830 2117 3857 ιι
2141 3802 2302 3863 Sub-

157 3908 362 3968 stantia
388 3920 475 3967 est
496 3907 779 3990 quidquid
802 3906 875 3967 de
896 3908 995 3967 illo
1016 3908 1397 3988 concipimus,
1424 3922 1480 3967 et
1499 3922 1656 3969 extra
1681 3910 2052 3969 substantiam
2075 3910 2240 3970 nihil.
2267 3934 2297 3963 π

160 4017 315 4099 Ergo
332 4016 559 4077 ‚Iustitia
580 4018 763 4099 magis
786 4016 946 4077 Deus
970 4029 1026 4075 et
1052 4015 1340 4097 Sapientia
1367 4030 1454 4077 est
1471 4059 1488 4090 ,
1520 4034 1693 4099 quam
1717 4015 1912 4077 Justus
1939 4030 1998 4077 et
2023 4018 2298 4100 Sapiens-2
