2667 4475
906 303 1469 375 EPISTOLAE.

470 443 627 496 Sm'nt
648 443 809 496 Paul.

202 552 343 604 Deus
366 547 455 620 qni
476 547 595 602 feeit
618 547 867 600 nundum
902 557 951 598 et
974 543 1149 596 omnia

132 645 249 698 que
264 627 315 679 in
326 646 387 680 eo
399 637 533 692 sunt,
546 625 629 678 hic
645 623 757 680 eaeli
766 635 815 676 et
831 635 974 676 terra
988 639 1147 692 quun

134 706 203 758 sit
214 704 471 766 dominus,
486 721 595 754 non
609 703 665 754 in
686 718 843 754 manu
858 698 999 753 factis
1020 709 1149 752 tem·

135 786 237 859 plis
260 784 465 838 habitat.
492 783 609 836 Aet.
632 779 859 843 XVII,
887 780 965 844 ²4·

208 1252 315 1302 Nec
328 1245 559 1300 manibus
570 1243 809 1300 humanis
824 1243 1001 1296 colitur
1016 1239 1104 1294 incl
1109 1241 1151 1293 i-

140 1347 265 1400 gens
286 1325 459 1397 aliquo
476 1362 491 1391 ,
510 1343 669 1394 quum
692 1325 797 1395 ipse
814 1322 899 1376 det
918 1319 1153 1374 omnibns

140 1407 327 1470 vitam,
356 1417 407 1456 et
436 1403 851 1476 inspirationem,
883 1412 933 1452 et
960 1400 1151 1454 omnia.

140 1483 295 1538 Ibid.
320 1485 399 1536 25-

204 1561 370 1612 Deus.
388 1595 405 1613 .
422 1595 439 1612 .
460 1559 691 1630 quamvis
706 1578 815 1610 non
833 1557 987 1628 longe
1006 1559 1072 1610 sit
1090 1557 1153 1610 ab

136 1655 450 1708 unoquoque
466 1649 711 1690 nostru-m.
728 1637 789 1688 In
801 1635 911 1708 ipso
924 1635 1063 1689 enim
1080 1634 1157 1688 vi·

134 1717 333 1779 vimus,
354 1727 402 1770 et
424 1733 707 1780 movemur,
737 1725 787 1766 et
808 1731 993 1768 sunus.
1011 1713 1156 1767 lbid.

134 1815 167 1846 α
210 1833 225 1859 ,
246 1794 327 1846 28.

172 1813 463 1939 ⁷Quicurnq
468 1888 529 1922 uc
540 1867 677 1924 enim
690 1867 865 1939 spiritu
878 1867 979 1920 Dei
994 1885 1153 1938 agam

132 1962 237 2010 tur,
251 1947 291 2000 ii
304 1960 421 2000 nint
436 1946 529 2000 filii
544 1945 661 2000 Dei.
672 1945 777 2014 Ep-
786 1945 947 1998 Rom.
969 1944 1155 2008 7111,

142 2047 162 2078 ι
174 2031 223 2092 ἦ.
448 2055 455 2062 ·

206 2103 427 2156 Nescitis
444 2103 567 2172 quia
599 2099 845 2174 templum
871 2100 973 2154 Dei
1012 2098 1152 2165 estis,

139 2195 191 2235 et
206 2181 407 2255 spiritns
446 2180 549 2232 Dei
578 2179 771 2235 habitat
806 2178 861 2232 in
904 2176 1063 2230 vobis.
1100 2175 1154 2228 I.

142 2264 261 2315 Cor.
289 2280 403 2327 cap-
428 2258 574 2321 III,
609 2256 686 2309 ιδ.

206 2416 333 2467 Non
362 2414 597 2465 debemus
628 2412 873 2465 estimare
893 2428 1015 2463 auro
1032 2448 1047 2475 ,
1072 2420 1157 2461 eut

140 2502 357 2565 argento
370 2528 387 2553 ,
410 2501 495 2543 aut
514 2488 705 2561 lapidi,
742 2488 1009 2559 sculptura
1039 2484 1156 2537 artis

137 2581 189 2621 et
201 2567 527 2640 cogitationis
536 2564 781 2630 hominis,
802 2564 1037 2615 divinum
1054 2581 1157 2615 esse

134 2645 327 2699 simile.
348 2647 469 2697 Act.
493 2645 561 2699 Χ
558 2644 621 2695 V
614 2644 695 2697 ΙΙ
700 2684 717 2705 ,
746 2662 823 2713 ²9·

210 2722 431 2775 Credere
458 2721 597 2773 enim
622 2732 819 2792 oportet
840 2718 1157 2774 accedentem

136 2800 209 2851 ad
232 2800 403 2851 Deum
417 2837 436 2864 ,
460 2798 581 2869 qnia
602 2812 699 2860 est,
724 2810 773 2850 et
792 2794 1158 2867 inquirentibus

136 2897 193 2929 se
208 2890 554 2929 remunerator
572 2874 645 2927 fit.
670 2875 835 2927 Hebr.
856 2873 981 2941 XI,
1006 2872 1053 2925 6.

208 3034 383 3087 Estote
424 3052 543 3105 ergo
577 3031 844 3085 imitatores
888 3029 1013 3081 Dei.
1033 3067 1045 3081 .
1065 3065 1079 3079 .
1110 3039 1159 3079 et

136 3112 401 3167 ambulate
426 3111 483 3163 in
505 3110 791 3163 dilectione.
814 3109 949 3177 Eph.
977 3106 1053 3173 V,
1082 3128 1125 3159 ι.

208 3188 355 3244 Sicut
395 3190 531 3241 enim
550 3254 555 3257 Ι
572 3208 750 3261 corpus
792 3206 953 3239 unum
1000 3198 1072 3239 est
1115 3196 1162 3236 et

134 3268 375 3322 membre
401 3268 550 3320 habet
570 3268 729 3319 multa
750 3305 766 3330 ,
794 3264 965 3318 omnia
992 3277 1161 3319 autem

136 3344 379 3399 membre
414 3344 634 3417 corporis
668 3362 824 3415 quum
847 3344 948 3396 sint
968 3342 1126 3395 multa
1143 3381 1158 3407 ,

134 3442 312 3479 unum
324 3434 493 3475 tamen
504 3442 681 3495 corpus
692 3434 827 3489 sunt;
843 3420 911 3474 ita
929 3434 975 3474 et
993 3421 1164 3473 Chris-

138 3518 224 3555 tus
240 3539 253 3551 .
274 3538 289 3551 .
309 3538 323 3552 .
360 3501 514 3553 Nunc
545 3510 713 3552 eutem
758 3498 918 3551 multa
956 3496 1161 3569 quidem

136 3576 406 3643 membra,
424 3596 585 3629 unum
606 3588 773 3629 autem
787 3594 1020 3643 corpus..
1032 3576 1164 3629 .Vos

138 3670 325 3713 autern
342 3655 454 3709 estis
473 3672 651 3729 corpus
678 3652 895 3721 Christi,
921 3664 968 3704 et
990 3672 1165 3705 mem-

136 3738 238 3789 bra
276 3734 337 3785 de
360 3730 602 3785 memhro.
626 3732 680 3785 Ῑ.
710 3732 826 3785 Cor.
848 3748 962 3799 cap.
997 3730 1163 3795 XII,

146 3837 165 3868 1
181 3836 241 3877 α,
268 3830 360 3879 ao,
386 3830 464 3880 ²7·

214 3888 369 3945 Nihil
384 3888 519 3942 enim
530 3888 791 3941 intulimus
804 3887 858 3939 in
870 3886 1012 3939 hunc
1023 3906 1173 3940 mun·

137 3972 278 4025 dnm
296 3968 461 4022 :haud
480 3966 691 4019 dubium
712 3964 849 4037 quod
870 3984 964 4019 nec
980 3969 1174 4019 auferre

138 4046 281 4120 quid
304 4064 585 4119 postumus.
605 4045 657 4099 Ῑ.
690 4044 821 4098 Ίῗηι.
842 4064 954 4115 cap.
989 4047 1101 4111 VI,
1130 4068 1173 4118 7.

446 4143 564 4211 lv.

2119 313 2249 398 465

1629 443 1872 512 sineque.

1310 543 1424 596 Deo
1447 561 1550 596 non
1577 544 1762 613 templa
1783 546 2028 616 congestis
2055 545 2110 597 in
2133 549 2258 600 elti-

1242 623 1474 676 tudinem
1507 623 1632 678 saxis
1670 623 1964 678 exstruenda
1998 637 2150 688 sunu
2197 627 2256 680 in

1243 719 1335 752 suo
1361 700 1542 771 cuique
1565 699 1932 754 consecrandus
1951 712 2022 752 est
2045 715 2257 774 pectore.

1244 778 1464 847 Fragm.
1479 779 1582 832 cite'
1589 797 1694 845 par
1703 778 1954 832 Laetam
1965 813 1982 842 ,
2001 778 2138 834 Inst-
2161 783 2257 834 VI.

1308 857 1465 910 Totus
1505 858 1725 912 mindun
1765 870 1840 912 est
1882 857 2094 912 deorum
2133 872 2262 912 tern-

1244 936 1386 1008 plorn
1403 971 1420 994 .
1433 935 1596 990 solun
1613 935 1820 1006 quiden
1841 935 2176 1010 amplitudine
2197 939 2260 991 il-

1245 1013 1414 1066 lorum
1437 1025 1488 1064 et
1509 1011 1892 1086 magnificentia
1918 1013 2150 1086 dignum.
2175 1015 2264 1068 De

1245 1090 1427 1159 qul
1457 1091 1604 1156 1⁷11,
1627 1111 1673 1159 7.

1312 1245 1486 1298 Denrn
1535 1246 1658 1299 colit
1699 1246 1788 1316 qui
1828 1247 2002 1312 novit3
2009 1283 2118 1302 .....
2157 1269 2266 1302 non

1248 1321 1428 1390 querit
1442 1321 1700 1376 ministros
1715 1321 1856 1374 Dens
1871 1342 1888 1386 ;
1905 1322 2088 1392 quidni
2108 1322 2133 1374 ?
2153 1324 2266 1396 lpse

1248 1397 1472 1452 humano
1489 1399 1666 1470 generi
1693 1398 1976 1464 ministram
2007 1399 2196 1471 ubique
2217 1415 2266 1454 et

1250 1477 1492 1530 omnibus
1515 1490 1694 1550 presto
1716 1487 1804 1530 est.
1825 1475 1932 1544 Ep.
1951 1480 2032 1549 9⁵·

1312 1555 1479 1627 Prope
1514 1567 1587 1607 est
1623 1573 1652 1606 a
1689 1567 1734 1606 te
1768 1554 1910 1608 Deus
1927 1594 1944 1624 ,
1969 1567 2134 1608 tecum
2159 1567 2265 1621 est,

1249 1631 1386 1684 intus
1410 1643 1499 1686 est.
1523 1632 1678 1684 Sacer
1697 1631 1828 1684 intra
1849 1651 1944 1684 nos
1960 1633 2162 1706 spiritus
2185 1653 2264 1686 se-

1250 1706 1335 1760 ‹let
1353 1747 1368 1770 ,
1407 1709 1657 1762 malornm
1687 1708 2038 1782 bonorumque
2061 1723 2268 1764 nostro-

1249 1804 1364 1837 rnm
1395 1786 1677 1840 observator
1698 1807 1714 1850 ς
1739 1785 1824 1840 hic
1843 1825 1860 1854 ,
1883 1799 2030 1859 prout
2053 1805 2082 1838 a
2119 1787 2270 1842 nobis

1248 1877 1486 1918 tractatus
1521 1879 1620 1931 est,
1643 1865 1714 1918 ita
1743 1885 1838 1918 nos
1869 1878 2065 1918 tractat.
2088 1865 2266 1920 Bonus

1248 1941 1327 1994 vir
1357 1943 1466 1994 sine
1499 1943 1616 1996 Deo
1647 1961 1803 1994 nemo
1825 1955 1956 1996 est..
1977 1980 1990 1993 .
2024 1943 2087 1994 ln
2127 1963 2270 1997 uno-

1248 2040 1452 2092 quoque
1481 2021 1734 2074 bonorum
1759 2022 1954 2075 habitet
1976 2023 2143 2089 Deus,
2173 2037 2266 2076 etc.

1249 2097 1354 2166 Ep.
1371 2101 1450 2164 41.

1317 2177 1658 2248 Quocumque
1675 2188 1722 2229 te
1742 2178 1936 2229 flexeris
1951 2215 1966 2244 ,
1987 2179 2156 2230 Deum
2177 2181 2268 2231 vi-

1251 2254 1392 2307 debis
1413 2266 1762 2307 occurrentem
1785 2255 1906 2319 tibi;
1930 2255 2064 2309 nihil
2084 2256 2147 2309 ab
2175 2257 2264 2309 illo

1251 2343 1408 2383 vacat.
1429 2331 1513 2383 De
1531 2328 1712 2403 Bene-fi
1737 2334 1809 2395 V,
1841 2332 1887 2384 8.

1316 2408 1391 2459 Te
1416 2406 1632 2481 ‹lig-num
1654 2409 1770 2462 Deo
1793 2407 1950 2481 finge.
1971 2410 2160 2481 Finges
2179 2433 2266 2465 au-

1249 2498 1354 2539 tem
1373 2504 1480 2538 non
1499 2504 1644 2549 auro,
1667 2504 1774 2537 non
1789 2498 2030 2559 argentm
2057 2507 2164 2540 non
2183 2508 2266 2561 po·

1250 2574 1343 2615 test
1367 2582 1424 2615 ex
1444 2563 1540 2615 hac
1562 2563 1768 2629 materia
1787 2562 1956 2635 imago
1982 2564 2082 2617 Dei
2098 2565 2264 2637 expri-

1250 2640 1322 2692 mi
1346 2638 1540 2692 similis.
1569 2638 1674 2709 Ep.
1707 2638 1780 2693 13.

1320 2718 1525 2771 Primus
1563 2718 1774 2771 deorum
1815 2722 1978 2774 cultus
2019 2734 2090 2775 cst
2132 2723 2272 2778 Deos

1254 2798 1458 2851 credere
1475 2834 1492 2863 ,
1529 2796 1712 2850 deinde
1739 2797 1866 2851 scire
1910 2798 2026 2852 illos
2067 2818 2196 2855 esse.
2215 2838 2228 2853 .
2247 2840 2260 2853 .

1252 2876 1344 2948 qui
1370 2875 1584 2930 humani
1611 2876 1807 2949 generis
1843 2894 2014 2929 curam
2044 2892 2263 2949 gerunt,
2321 2882 2328 2893 “

1252 2954 1340 3025 qui
1356 2952 1600 3027 castigant
1619 2953 1863 3025 quosdam
1884 2965 1932 3006 et
1953 2968 2200 3007 coercent.

1316 3030 1452 3084 Satis
1473 3030 1586 3084 illos
1609 3030 1783 3095 coluit,
1803 3030 2028 3102 quisquis
2049 3032 2266 3087 imitatus

1253 3122 1340 3162 est.
1355 3108 1527 3161 Homo
1549 3106 1612 3161 sit
1625 3120 1912 3162 mansuetus
1933 3106 2132 3162 homini
2150 3151 2166 3179 ,
2180 3150 2193 3162 .
2211 3150 2228 3164 .
2246 3151 2257 3164 .

1253 3189 1442 3241 erranti
1459 3187 1594 3241 viam
1611 3200 1872 3255 monstret,
1890 3208 2004 3241 cum
2021 3190 2266 3243 esuriente

1254 3286 1437 3340 panem
1463 3266 1672 3319 dividat.
1695 3262 1800 3335 Ep.
1819 3270 1898 3338 95.

1320 3342 1555 3396 Membra
1601 3363 1773 3400 sumus
1815 3344 1992 3418 magni
2031 3349 2267 3421 corporis.

1254 3420 1398 3474 Ibid.

1328 3888 1429 3943 Per
1472 3890 1562 3943 hes
1603 3888 1828 3942 mortalis
1867 3889 1965 3944 uvi
2001 3909 2164 3943 mores
2193 3890 2272 3946 illi

1266 3967 1466 4021 meliori
1488 3969 1605 4020 vitu
1629 3966 1950 4038 longiorique
1971 3967 2279 4041 preluditur.

1270 4043 1720 4117 Quemadmodum
1729 4062 1912 4096 novem
1923 4044 2178 4099 mensibus
2187 4064 2280 4100 nos

1934 4136 2022 4207 30
