2667 4475
461 334 955 406 PHYSIOL.
1009 333 1504 406 STOICOR.
1556 336 1751 407 LIB.
1802 336 1956 406 111.
2144 340 2279 411 653

131 480 250 541 Est
297 479 648 541 Socraticum
697 502 717 538 ε
756 503 786 533 a
823 472 1032 538 Mundi
1068 478 1357 557 animam,
1404 477 1622 541 fontem
1669 478 1991 540 animarum
2033 480 2290 541 omnium

131 607 293 648 csse.
325 610 355 639 ιι
386 582 603 667 (Apul.
637 584 728 645 De
753 582 962 667 Dogm.
987 579 1190 664 plat.)
1216 580 1332 643 sed
1358 583 1516 644 illam
1536 628 1555 659 ‚
1585 604 1712 665 quae
1741 584 1985 645 Ratione
2010 595 2290 660 uteretur,

130 704 448 775 cog-natam
481 704 541 751 et
577 690 919 772 participem
944 731 962 764 ,
1005 690 1180 749 immo
1218 689 1336 769 jam
1364 702 1589 771 partem
1630 691 1942 752 divinitatis
1970 712 2117 752 esse.
2152 691 2295 751 Plu-

129 798 375 859 tarchus
399 796 660 880 (Quaest.
692 794 970 857 Platonic.
988 794 1052 878 )=
1081 822 1110 850 a
1137 796 1347 857 Anima
1374 794 1667 857 mentis‘et
1684 798 2131 859 ratiocinationis
2152 820 2295 858 con·-

127 926 268 965 sors
293 948 312 979 ,
349 926 464 965 nou
505 924 652 985 opus
695 903 880 963 solum
910 902 1018 963 Dei
1043 946 1060 977 ,
1091 900 1196 983 sed
1225 914 1284 963 et
1309 924 1443 984 pars
1484 916 1571 964 est
1598 928 1615 976 3
1659 924 1849 988 neque
1889 906 1963 968 ab
1992 906 2160 988 ipso',
2192 905 2297 967 sed

131 1032 220 1073 ex
250 1013 382 1092 ipso
409 1022 496 1071 est
521 1008 691 1070 facta.
727 1034 756 1062 ιι
783 1007 1094 1069 Enimvero
1125 1009 1298 1070 etiam
1324 1010 1447 1069 aliae
1467 1008 1612 1092 (hac
1640 1009 1905 1095 ratione)
1927 1024 2119 1093 partes
2138 1009 2291 1086 Dei,

132 1118 210 1178 id
238 1130 326 1178 est
347 1160 365 1193 ‚
384 1117 696 1178 Mandanae
723 1116 924 1177 animae
955 1140 974 1175 ε
1004 1115 1110 1177 sed
1132 1116 1238 1176 ista
1267 1115 1487 1177 scilicet
1508 1117 1721 1177 eximie
1744 1159 1762 1192 ‚
1792 1128 1852 1177 ct
1880 1138 2007 1199 quac
2033 1119 2297 1201 proxime

131 1226 268 1285 vim
299 1235 678 1305 naturamque
721 1222 849 1302 ejus
886 1221 1146 1283 referret.
1199 1223 1351 1283 Aun.
1394 1220 1692 1283 Abhorreo
1730 1222 1933 1284 audire
1972 1224 2093 1284 hnc
2131 1225 2292 1285 talia.

133 1332 308 1390 Ante
333 1328 510 1391 didici
537 1327 728 1389 Deum
757 1327 1114 1390 conditorem
1139 1326 1437 1391 hominum
1466 1350 1591 1389 esse
1615 1372 1634 1405 ,
1666 1330 1903 1390 Animas
1939 1328 2215 1393 advenire
2243 1342 2301 1391 et

133 1436 471 1511 insinuari,
523 1433 700 1517 idque
748 1435 873 1515 ejus
918 1455 1094 1515 opera
1127 1457 1146 1493 ε
1177 1455 1333 1495 nune
1374 1446 1641 1519 cognatas
1664 1472 1685 1511 ,
1732 1446 1925 1517 partes
1956 1478 1974 1508 ,
2010 1448 2070 1495 et
2108 1434 2297 1495 Deum

131 1546 344 1625 ipsum
366 1562 491 1603 esse
513 1541 540 1602 ἲ
561 1543 772 1603 iterum
801 1539 1101 1602 abhorreo.
1134 1539 1291 1601 Lm.
1317 1538 1599 1616 Gaudeo,
1627 1552 1686 1601 et
1710 1539 2167 1623 magnitudinem
2188 1540 2300 1601 Dei

137 1650 256 1729 qui
283 1647 428 1707 libat
465 1658 690 1708 tautum
705 1687 724 1721 ,
767 1658 826 1707 et
854 1658 1112 1707 nostrum
1144 1646 1298 1707 istud
1337 1646 1688 1708 imbecillum
1732 1658 1792 1707 ct
1810 1658 2039 1719 .tenue;
2089 1646 2305 1707 ridebit

139 1753 410 1837 profecto
440 1768 500 1816 et
530 1753 858 1815 exsibilabit
888 1773 984 1814 eas
1009 1774 1202 1814 voces.
1231 1752 1453 1813 Tamen
1482 1774 1690 1836 corpus
1722 1752 1831 1813 hoc
1858 1765 2047 1814 totum
2088 1752 2301 1813 Mundi

141 1862 576 1921 communicare
602 1861 684 1922 ita
713 1860 964 1941 antiquis
991 1861 1208 1942 placuit
1228 1903 1248 1936 ,
1279 1871 1340 1920 et
1364 1882 1470 1919 nos
1495 1860 1655 1921 velut
1680 1860 1941 1921 membra
1962 1861 2085 1941 ejus
2112 1859 2305 1921 facere

57 1994 72 2007 ·
143 1990 220 2029 ac
252 1981 462 2049 partes·
491 1966 708 2029 Seneca
737 1964 972 2050 (Epist.
1013 1965 1173 2049 xcxi)
1203 1988 1222 2027 ε
1258 1993 1286 2021 «ι
1317 1966 1529 2027 Totum
1555 1967 1665 2027 hoc
1694 1988 1812 2050 quo
1840 1968 2222 2042 continemur,
2247 1979 2309 2027 et

143 2095 338 2136 unum
379 2086 494 2149 est,
527 2087 586 2136 et
623 2074 782 2135 Deus
823 2086 911 2135 est
927 2064 966 2148 ,χ
979 2087 1038 2135 et
1063 2074 1204 2135 socii
1247 2074 1373 2154 ejus
1403 2094 1601 2133 sumus
1619 2118 1637 2149 ‚
1688 2085 1747 2134 et
1782 2074 2061 2135 membra.
2102 2099 2132 2128 ιι
2182 2074 2304 2134 Nee

147 2181 328 2244 Stoici
355 2180 473 2243 haec
501 2194 724 2244 tautum
743 2225 760 2257 ‚
806 2193 906 2242 aut
934 2180 1212 2242 Platonici
1247 2202 1267 2240 ε
1308 2200 1442 2241 ecce
1468 2180 1873 2262 Trismcgistus
1909 2175 2075 2262 (cap.
2132 2176 2243 2262 to)
2284 2204 2304 2242 ε

157 2318 189 2346 «ι
216 2291 310 2350 Ab
335 2312 454 2350 una
480 2291 750 2352 Universi
778 2291 987 2351 Anima
1013 2311 1212 2350 omnes
1241 2289 1462 2350 Animae
1492 2288 1747 2350 existunt
1778 2299 1839 2347 et
1866 2299 2228 2368 promanant.
2272 2311 2303 2341 ιι

153 2398 254 2458 Ab
279 2397 406 2478 ipsa
431 2439 450 2470 ,
475 2397 710 2478 inquam
734 2439 753 2470 ‚
781 2394 894 2455 Dei
918 2396 1162 2456 essentia
1195 2416 1212 2453 ε
1247 2405 1306 2454 et
1331 2394 1484 2454 clare
1512 2393 1671 2455 idem
1700 2393 1867 2476 (cap.
1911 2391 2022 2476 12)
2051 2417 2071 2452 a
2100 2419 2129 2448 α
2154 2394 2315 2454 Ani-

155 2524 289 2563 mus
311 2544 330 2577 ,
369 2503 490 2562 sive
531 2501 702 2562 Mens
724 2544 744 2576 ,
779 2523 898 2561 non
921 2513 1009 2561 est
1036 2499 1271 2583 quidem
1298 2499 1582 2561 abscissus
1623 2497 1697 2560 ab
1726 2501 1969 2561 essentia
2014 2499 2160 2576 Dei,
2204 2499 2308 2561 sed

157 2609 326 2692 quasi
349 2607 588 2672 diffusus
618 2620 676 2669 et
705 2619 974 2696 extensus
997 2607 1164 2668 sicuti
1191 2605 1336 2667 Solis
1360 2606 1650 2690 splendor.
1681 2632 1709 2661 ιι
1734 2606 1877 2667 Vult
1897 2651 1915 2682 ,
1947 2607 2097 2667 sicut
2112 2607 2311 2666 lumen

154 2739 188 2778 a
221 2717 348 2778 Sole
372 2714 734 2791 diffunditur,
764 2716 886 2776 sive
909 2713 1054 2775 Solis
1083 2715 1483 2775 imminutione
1512 2727 1611 2775 aut
1641 2735 1825 2786 noxa;
1856 2715 1938 2775 sie
1966 2715 2204 2775 Animas
2232 2715 2309 2774 ab

161 2823 262 2884 illa
288 2844 496 2906 magna
520 2866 538 2897 ‚
569 2822 786 2903 absque
817 2823 940 2902 ejus
971 2821 1413 2882 intertrimento.
1448 2820 1709 2881 Diffundi
1736 2832 1927 2880 autem
1946 2864 1963 2896 ‚
1996 2832 2065 2880 ut
2094 2841 2313 2880 vascu-

160 2930 286 2989 lum
313 2931 590 3010 cujusque
617 2949 802 3010 capax
833 2939 892 2988 ct
923 2925 1326 2988 admissionale
1368 2940 1477 2988 est.
1513 2927 1603 2988 Ita
1636 2925 1802 2988 Philo
1834 2925 2064 2988 Judaeus
2107 2925 2315 3009 (Quod

161 3035 346 3095 deter.
380 3035 587 3116 potiori
618 3032 838 3116 insid.)
865 3057 882 3094 x
915 3060 943 3089 κ
979 3033 1241 3094 Mentem
1288 3033 1601 3096 humanam
1640 3055 1767 3095 esse
1801 3033 2007 3094 divinae
2047 3043 2109 3094 et
2134 3033 2314 3093 beatae

163 3141 384 3200 Animae
416 3139 756 3222 particulam
779 3183 797 3216 ‚
823 3140 928 3201 sed
957 3139 1387 3201 indivisibilem.
1422 3167 1451 3195 ιι
1486 3139 1565 3201 Et
1585 3136 1749 3201 addit
1776 3163 1794 3199 z
1824 3166 1852 3194 α
1878 3137 2008 3200 Non
2032 3141 2185 3200 enim
2207 3161 2314 3200 re-

165 3267 300 3306 vera
333 3245 616 3328 quidquid
655 3245 916 3306 divinum
959 3256 1048 3306 est
1071 3289 1088 3320 ,
1130 3243 1431 3319 scinditur,
1475 3244 1577 3306 sed
1621 3244 1923 3306 dumtaxat
1950 3244 2315 3327 protenditur

168 3374 238 3412 ac
266 3351 552 3414 dilatatur.
593 3379 622 3406 ιι
653 3351 794 3413 Haec
824 3353 906 3412 ita
931 3351 1214 3412 sententia
1241 3362 1501 3412 veterum
1524 3393 1542 3426 ,
1582 3363 1643 3410 et
1665 3351 1845 3411 verba
1879 3348 2115 3412 fortasse
2141 3373 2313 3433 snpra

169 3459 508 3520 sententiam
555 3459 704 3518 elata
749 3481 815 3519 ac
854 3459 1104 3541 superba
1133 3480 1151 3519 ε
1183 3456 1327 3540 quid
1368 3469 1561 3517 tamen
1602 3456 1732 3518 est?
1773 3456 1937 3518 Adeo
1976 3458 2172 3518 diviua
2221 3479 2315 3519 res

169 3569 380 3628 Anima
433 3577 492 3626 et
538 3565 872 3647 praestabilis
895 3609 914 3640 ,
968 3577 1034 3626 ut
1082 3567 1254 3626 etiam
1317 3565 1381 3625 in
1425 3562 1749 3624 Christiana
1785 3563 1917 3626 luce
1963 3586 2031 3625 ac
2078 3567 2319 3626 veritate

172 3673 384 3734 fuerint
405 3717 422 3748 ,
455 3673 556 3755 qui
597 3674 678 3732 sic
709 3693 836 3732 eam
873 3670 1227 3734 honestarint
1250 3715 1268 3746 ,
1325 3693 1400 3731 an
1446 3669 1921 3732 dehonestarint?
1967 3670 2313 3748 Manichaei,

175 3779 610 3840 Priscillianistae
631 3822 651 3854 ,
679 3777 1033 3839 Marcionitae
1051 3820 1072 3853 ‚
1095 3791 1268 3860 atque
1286 3778 1349 3840 id
1374 3797 1556 3861 genus
1584 3799 1851 3839 erronum
1868 3821 1889 3852 ‚
1925 3803 1955 3832 «ι
1982 3777 2057 3837 de
2082 3779 2315 3858 propria

175 3888 286 3967 Dei
315 3887 631 3947 substantia
658 3886 927 3947 Animam
953 3884 1293 3946 formabant.
1328 3910 1358 3938 ιι
1394 3883 1639 3960 Quidam
1661 3885 2075 3946 Tertullianum
2104 3903 2174 3946 eo
2192 3895 2317 3944 tra-

175 3992 321 4057 hunt
338 4037 356 4068 ,
383 3995 520 4076 quia
539 3994 837 4076 scripserit
857 4035 875 4066 ‚
897 3993 960 4052 in
991 3991 1138 4052 illud
1158 3989 1324 4050 Lueae
1350 3989 1477 4073 (IV
1505 3991 1746 4052 Advers.
1774 3990 1959 4050 Marc.
1988 4013 2118 4073 cap.
2150 3990 2267 4076 37)
2289 4014 2307 4052 z

181 4100 414 4164 Reddite
455 4093 580 4186 quoe'
624 4111 754 4164 ,nant
789 4099 906 4162 Dei
929 4097 1074 4160 Deo.
1117 4125 1144 4152 α
1179 4096 1492 4158 Hominem
1536 4097 1713 4180 igitur
1759 4097 1925 4160 reddi
1953 4099 2116 4178 jubet
2141 4121 2314 4162 crea·-
