2667 4475
405 390 896 459 PHYSIOL.
956 389 1456 460 STOICOR.
1502 388 1705 458 LIB.
1757 389 1907 456 111.
2096 388 2228 473 643

781 610 1411 675 DISSERTATIO
1450 614 1526 673 V.

63 772 366 832 IIomines
378 771 559 849 pn'mz'
573 793 650 829 an
671 769 943 850 majores,
971 772 1319 851 etpaulatim
1358 772 1556 831 deinde
1577 772 1863 832 minores?
1885 781 2050 853 atque
2068 772 2249 831 obiter

904 916 914 924 ι
951 900 1028 937 an
1066 876 1388 957 Gigantes?

159 1070 290 1129 Slzn
319 1069 496 1151 quari
524 1088 657 1125 cum
687 1086 858 1125 causa
887 1066 1062 1125 etiam
1090 1065 1247 1126 aliud
1277 1078 1484 1147 potest.
1532 1066 1707 1125 Primi
1735 1066 1823 1125 illi
1847 1066 2108 1125 homines
2136 1111 2153 1141 ‚
2188 1067 2251 1126 in

65 1179 282 1259 primo
323 1189 382 1235 et
424 1186 626 1257 vegeto
667 1173 891 1235 Mundo
912 1217 929 1247 ,
973 1196 1048 1233 an
1093 1196 1210 1234 non
1255 1174 1369 1255 ipsi
1404 1174 1586 1257 magis
1634 1174 1821 1256 vegeti
1839 1216 1857 1247 ,
1894 1185 1951 1232 et
1980 1174 2255 1233 membris

66 1283 539 1366 corporibusque
563 1279 932 1363 grandiores?
961 1280 1128 1341 Ratio
1153 1280 1395 1341 suadere
1414 1278 1643 1340 videtur
1663 1304 1679 1352 ;
1702 1280 1837 1361 quia
1861 1280 2034 1361 plena
2056 1282 2250 1341 omnia

69 1403 225 1450 tunc
247 1389 460 1449 virium
481 1400 539 1447 ct
557 1388 860 1471 spirituum
878 1430 896 1462 ,
927 1387 1198 1447 alimenta
1215 1386 1440 1461 valida,
1470 1398 1529 1446 et
1557 1408 1589 1447 e
1619 1406 1857 1468 corpore
1886 1386 2031 1445 bene
2058 1384 2255 1445 habito

71 1509 268 1577 atque
297 1496 520 1577 integro
551 1493 636 1551 illi
663 1506 880 1575 partus.
926 1492 1204 1553 Videmus
1238 1494 1298 1552 in
1328 1506 1481 1553 terra
1498 1537 1517 1567 ‚
1551 1514 1677 1574 quae
1712 1505 1955 1553 novatur
1986 1504 2045 1553 et
2075 1494 2257 1575 segeti

73 1604 348 1683 primum
379 1598 765 1681 proscinditur
798 1622 816 1657 ι
850 1598 1112 1659 videmus
1159 1600 1220 1659 in
1263 1598 1485 1659 tumida
1526 1599 1851 1681 virginitate
1876 1642 1893 1672 ,
1940 1598 2260 1659 robustiora

73 1731 214 1789 quae
251 1719 584 1767 naseuntur.
641 1706 841 1786 Nuper
881 1707 941 1764 in
987 1726 1135 1765 novo
1169 1704 1310 1765 orbe
1324 1749 1342 1779 ,
1379 1728 1559 1789 quum
1590 1706 1841 1787 Hispani
1869 1706 2099 1765 arbores
2127 1726 2259 1767 suas

77 1828 144 1875 et
174 1814 378 1898 fruges
411 1826 682 1875 severunt
697 1860 714 1883 ,
741 1813 1078 1873 incredibile
1099 1826 1379 1895 quantum
1402 1813 1756 1875 adoleverint
1779 1836 1795 1871 ε
1815 1801 1881 1888 ‘et
1907 1832 2079 1894 poma
2098 1812 2261 1873 fruc-

78 1936 304 2004 tusque
349 1943 524 2003 supra
559 1940 922 1981 communem
969 1900 1206 1980 modum
1255 1920 1531 1981 tulerunt.
1566 1918 1734 1980 Addo
1756 1963 1773 1996 ,
1810 1918 1967 2001 quod
2002 1933 2167 1981 vetus
2202 1934 2261 1981 et

79 2029 324 2109 passiva
357 2027 522 2089 valde
566 2023 686 2087 haec
716 2026 950 2108 opinio;
989 2048 1054 2089 ac
1085 2024 1268 2087 Graeci
1287 2070 1305 2101 ,
1340 2026 1579 2088 Barbari
1602 2072 1619 2102 ,
1656 2029 1793 2109 ipsae
1834 2026 2017 2087 Sacrae
2062 2027 2260 2089 litterae

79 2156 336 2218 magnos
379 2132 658 2216 quosdam
703 2132 962 2193 homines
979 2176 998 2209 ‚
1045 2133 1166 2193 sive
1208 2131 1485 2217 Gigantes
1534 2133 1965 2193 adstruxerunt.
2012 2134 2139 2193 Hoc
2187 2133 2261 2193 de

83 2243 292 2302 animo
333 2255 553 2302 tantum
598 2242 820 2324 magnis
845 2285 863 2316 ,
898 2242 1160 2322 superbis
1182 2285 1200 2315 ,
1251 2243 1445 2322 impiis
1488 2243 1936 2322 interpretantur
1980 2240 2215 2322 quidam
2234 2285 2255 2316 ‚

85 2351 312 2409 scimus
347 2373 362 2406 =
393 2348 497 2407 sed
527 2349 848 2407 testimonia
881 2347 1132 2428 profecto
1162 2347 1431 2407 aliorsum
1460 2349 1545 2408 ire
1562 2391 1579 2422 ,
1613 2371 1647 2406 a
1676 2347 1897 2429 pudore
1924 2348 2091 2406 abeat
2108 2391 2125 2422 ,
2157 2349 2261 2428 qui

85 2465 294 2536 neget.
320 2451 448 2510 Non
472 2451 780 2525 diffundor,
814 2472 1006 2534 neque
1033 2465 1194 2512 extra
1220 2453 1509 2512 Porticum
1536 2474 1725 2512 meam
1754 2453 1969 2534 spatior
1996 2477 2013 2511 ε
2042 2451 2261 2535 aliquid

85 2575 292 2620 tamen
341 2560 402 2617 in
447 2557 664 2618 Seneca
709 2560 882 2618 etiam
913 2560 1136 2640 reperio
1157 2603 1175 2634 ,
1207 2560 1365 2641 quod
1404 2559 1516 2622 huc
1556 2559 1748 2620 ducat.
1787 2561 1875 2620 De
1907 2561 2108 2642 primis
2142 2562 2255 2622 illis

85 2665 456 2739 hominibus,
487 2677 661 2747 negat
689 2663 984 2746 Sapientes
1017 2677 1180 2724 natos
1209 2663 1435 2748 (Epist.
1488 2665 1601 2749 xc)
1630 2691 1647 2726 ε
1688 2694 1716 2721 «
1738 2667 1792 2727 N
1794 2689 1870 2726 on
1915 2680 2108 2728 tamen
2140 2691 2258 2728 nc—

93 2773 355 2856 gaverim
382 2816 399 2847 ,
433 2770 593 2830 addit
614 2815 631 2847 ‚
670 2769 844 2846 fuisse
874 2770 972 2830 alti
1001 2771 1234 2853 spIritus
1263 2773 1413 2832 viros
1433 2817 1449 2848 ,
1494 2785 1582 2849 et,
1614 2785 1680 2832 ut
1703 2775 1783 2833 ita
1816 2775 2003 2834 dicam
2021 2819 2037 2848 ,
2073 2797 2107 2834 a
2148 2774 2259 2834 diis

95 2891 380 2939 recentes.
414 2877 615 2960 Neque
648 2879 802 2938 enim
833 2876 1072 2938 dubium
1103 2891 1219 2953 est,
1263 2881 1404 2962 quin
1441 2882 1676 2941 meliora
1708 2881 1965 2942 Mundus
1996 2881 2253 2942 nondum

95 2987 326 3044 effoetus
356 2983 619 3044 ediderit.
652 3011 680 3036 ιι
713 2983 961 3044 Meliom
991 2983 1164 3058 dicit,
1192 3007 1308 3045 non
1334 2985 1563 3067 majam
1588 3013 1606 3046 .-
1632 2999 1695 3046 et
1724 2999 1917 3050 tamen
1949 2987 2021 3048 de
2051 2989 2255 3048 robore

95 3093 276 3152 etiam
305 3091 518 3151 subdit.
557 3119 584 3144 «ι
609 3089 1105 3166 Quemadmodum
1137 3105 1326 3153 autem
1357 3093 1621 3154 omnibus
1644 3081 1863 3154 indoles
1887 3093 2085 3155 fortior
2111 3094 2254 3171 fuit,

99 3211 160 3259 et
215 3197 288 3257 ad
315 3198 540 3257 labores
580 3198 830 3280 paratior
856 3241 872 3272 ,
917 3198 998 3256 ita
1043 3219 1160 3257 non
1211 3212 1373 3258 erant
1415 3199 1647 3282 ingenia
1676 3199 1939 3260 omnibus
1982 3223 2259 3261 eonsum-

101 3317 278 3365 mata.
311 3331 340 3358 n
379 3305 541 3365 Philo
571 3304 801 3365 Judaeus
835 3305 1088 3386 apertius
1130 3302 1266 3385 (De
1295 3305 1503 3386 Opific.
1540 3305 1781 3388 Mundi)
1814 3332 1830 3366 ε
1872 3335 1899 3361 ιι
1924 3309 2079 3368 Talis
2112 3297 2255 3369 mihi

103 3415 324 3494 primus
353 3413 544 3472 Homo
571 3412 797 3474 videtur
823 3411 1038 3486 factus,
1071 3419 1393 3493 et'corpore
1424 3425 1485 3473 et
1517 3414 1707 3472 animo
1737 3414 1987 3496 reliquos
2012 3437 2209 3475 onmes
2234 3461 2253 3488 ‚

99 3520 206 3600 qui
233 3519 326 3577 vel
352 3539 506 3578 nunc
541 3530 675 3577 sunt
695 3564 712 3591 ‚
750 3518 840 3578 vel
871 3531 1002 3578 ante
1031 3515 1297 3592 fuerunt,
1335 3519 1691 3580 excelluisse.
1726 3545 1754 3574 »
1802 3521 1978 3581 Addit
2008 3523 2255 3582 rationes

107 3625 250 3684 duas
281 3649 299 3684 z
337 3651 366 3678 α
393 3625 562 3683 Illum
611 3625 764 3683 enim
813 3623 970 3684 Deus
999 3623 1257 3684 condidit
1279 3670 1296 3700 ‚
1333 3647 1436 3685 nos
1466 3647 1539 3685 ex
1566 3626 1892 3688 hominibus
1922 3629 2211 3711 gignimur
2243 3653 2257 3700 ;

107 3744 324 3814 quanto
361 3743 552 3791 autem
605 3729 808 3790 melior
851 3733 1146 3812 majorque
1193 3746 1391 3792 auctor
1417 3775 1433 3806 ‚
1484 3745 1639 3793 tanto
1696 3747 1753 3794 et
1799 3757 1942 3817 opus
1982 3737 2250 3817 oportuit.

111 3837 333 3898 Deinde
353 3837 634 3920 quidquid
659 3838 841 3918 viget,
869 3851 1200 3900 senescente
1223 3854 1281 3901 et
1303 3841 1490 3900 effoeto
1513 3843 1716 3902 melius
1740 3855 1823 3902 est
1840 3887 1856 3916 ‚
1880 3845 1999 3902 sive
2023 3843 2253 3915 animal,

112 3947 230 4003 sive
249 3945 442 4025 planta
459 3988 476 4018 ‚
499 3943 620 4004 sive
645 3942 893 4016 fructus,
919 3945 1039 4003 sive
1059 3945 1214 4004 aliud
1234 3969 1431 4006 eorum
1459 3971 1583 4028 quae
1616 3951 1675 4007 in
1706 3929 1918 4008 Natura
1946 3961 2097 4008 sunt.
2134 3949 2261 4009 Ita-

113 4073 226 4132 que
253 4073 359 4134 par
386 4063 505 4125 est,
547 4053 797 4133 primum
827 4051 987 4132 illum
1021 4051 1330 4112 Hominem
1363 4097 1381 4127 ,
1418 4055 1593 4114 robur
1624 4069 1681 4115 et
1708 4057 1963 4137 vigorem
2009 4057 2261 4118 extitisse

115 4162 284 4218 totius
306 4160 482 4219 nostri
508 4160 732 4241 generis
759 4183 775 4218 ι
803 4171 860 4219 at
881 4172 1102 4220 secutos
1135 4159 1345 4220 deinde
1372 4161 1527 4220 haud
1558 4164 1631 4220 ita
1666 4163 1913 4244 viguisse
1942 4185 2046 4245 per
2076 4177 2264 4225 aetates
