2667 4475
708 308 1248 379 EPISTOLA
1293 306 1694 375 xcvm.
1873 342 1881 350 -
2156 308 2279 393 145

148 450 404 521 stultius
421 500 443 534 ‚
481 471 686 544 quam
724 447 1133 542 pr'aetimere.
1175 442 1351 537 Quae
1384 444 1513 512 ista
1549 440 1889 512 dementia
1936 456 2077 528 est,
2128 456 2295 511 ma·-v

145 567 275 635 lum
314 590 512 635 suum
562 560 1020 634 antecedere?
1059 560 1413 651 Denique,
1468 574 1543 627 ut
1587 558 1892 629 breviter
1938 559 2281 629 includam
2329 572 2363 625 8

148 680 320 773 quod
341 680 590 762 sentio,
617 694 688 747 et
711 678 877 746 istos
903 676 1194 769 satagios
1209 678 1260 759 ¹,
1293 699 1377 743 ac
1400 674 1534 743 sibi
1561 674 1879 744 molestos
1902 675 2285 745 describam

145 796 262 865 tibi
297 822 314 865 z
343 812 482 865 tam
507 797 1038 888 intemperantes
1063 794 1137 861 in
1159 793 1326 887 ipsis
1353 793 1645 861 miseriis
1670 806 1862 876 sunt,
1894 817 2100 886 quam
2128 808 2289 861 sunt

147 927 290 980 ante
340 912 520 979 illas.
563 910 728 979 Plus
767 907 954 978 dolet
986 932 1190 1002 quam
1229 932 1509 979 necesse
1562 926 1703 993 est,
1748 912 1870 1002 qui
1908 924 2068 979 ante
2098 908 2287 979 dolet

147 1050 332 1120 quam
365 1050 646 1096 necesse
681 1026 795 1094 sit.
833 1025 1085 1094 Eadem
1113 1026 1296 1094 enim
1330 1026 1727 1095 infirmitate
1749 1030 1777 1061 ²
1813 1026 2113 1097 dolorem
2143 1050 2283 1095 non

145 1141 412 1209 aestimat
433 1191 456 1226 ,
494 1164 632 1233 qua
663 1164 799 1208 non
836 1152 1199 1233 exspectat.
1239 1139 1491 1207 Eadem
1523 1140 2047 1233 intemperantia
2082 1140 2287 1234 fingit

145 1256 262 1324 sibi
288 1272 689 1351 perpetuam
718 1255 1110 1325 felicitatem
1135 1278 1324 1322 suam
1344 1247 1637 1349 ³‚‚fingit
1664 1256 1795 1323 sibi
1822 1278 2130 1324 crescere
2158 1256 2287 1324 de-

143 1370 294 1442 bere
342 1396 790 1467 quaecumque
835 1374 1274 1467 contigerunt
1297 1421 1317 1454 ‚
1362 1395 1504 1439 non
1538 1385 1801 1440 tantum
1836 1372 2125 1460 durare3
2170 1387 2275 1455 et,

144 1486 378 1557 oblitus
435 1488 646 1582 hujus
690 1481 1031 1583 petam-ss,
1078 1512 1215 1582 quo
1251 1487 1551 1555 humana
1575 1487 1955 1580 jactantur,
1998 1489 2128 1557 sibi
2162 1492 2285 1558 uni

147 1601 569 1670 fortuitorum
606 1604 1054 1671 constantiam
1093 1600 1410 1703 spondet.
1438 1603 1739 1695 Egregie
1762 1602 1994 1695 itaque
2011 1601 2285 1671 videtur

141 1716 296 1785 mihi
331 1710 806 1788 Metrodorus⁵
848 1717 1098 1787 dixisse
1135 1718 1210 1823 in
1245 1740 1328 1785 ea
1363 1718 1712 1809 Epistola,
1755 1742 1889 1810 qua
1924 1742 2227 1787 sororem
2251 1770 2274 1806 ,
2384 1786 2397 1798 ‚

141 1838 364 1905 amisso
415 1836 696 1931 optimae
749 1834 1006 1905 indolis
1045 1833 1232 1923 filio,
1285 1828 1701 1928 alloquitur-⁶
1739 1865 1754 1905 ε
1794 1838 2145 1907 «Mortale
2178 1854 2283 1906 est

141 1972 324 2019 omne
359 1951 750 2021 mortalium
785 1948 1078 2019 bonum⁷
1109 1945 1129 2014 l
1162 1974 1196 2013 »
1236 1952 1343 2017 De
1384 1942 1537 2018 his⁸
1574 1950 1881 2042 loquitur
1912 1950 2148 2033 bonis,
2190 1952 2289 2020 ad·

137 2142 302 2197 nititur
320 2145 538 2211 virtute,
557 2144 616 2198 in
641 2162 704 2197 eo
723 2142 996 2197 tumultum
1015 2142 1147 2195 exci-
1244 2142 1473 2217 respicit,
1512 2155 1633 2197 tunc
1674 2143 1967 2213 frequentis.
2000 2144 2132 2197 Rota
2167 2162 2277 2197 aus-

137 2233 229 2274 tare
247 2226 452 2278 fortuna
471 2243 583 2276 non
603 2222 804 2294 poterit.
1096 2268 1101 2278 .
1247 2220 1579 2296 pendebatur,
1607 2243 1692 2294 per
1716 2241 1872 2294 quam
1914 2234 2108 2276 motam
2154 2243 2279 2276 cor-

199 2321 240 2355 ι.
257 2303 532 2375 Satagr‘os,
555 2325 608 2357 a.
625 2324 670 2358 c.
690 2303 762 2356 R.
782 2304 856 2356 A.
878 2321 986 2354 non
1004 2312 1152 2354 sata-
1247 2317 1377 2372 pora
1408 2298 1728 2370 trajiciebant
1748 2299 1879 2352 saltu
1906 2317 1921 2351 ε
1949 2313 2103 2370 atque
2122 2300 2159 2352 ii
2181 2318 2279 2372 pe-

131 2399 256 2450 gros.
295 2383 463 2438 Ruhk.
504 2383 670 2436 edidit
715 2392 958 2451 satagens
1006 2381 1148 2449 quod
1248 2375 1469 2429 (auristae
1491 2375 1791 2429 dicebantur
1810 2375 1949 2446 :ipsa
1975 2376 2062 2429 illa
2097 2389 2275 2449 petau-

135 2458 478 2529 imerpreutm·
500 2459 678 2513 anxios
714 2477 729 2512 z
763 2478 792 2511 a
831 2459 1105 2530 ,augendo
1131 2497 1148 2526 ,
1249 2473 1381 2506 rum.
1398 2452 1658 2509 Videntur
1675 2451 1798 2506 etin
1819 2465 2027 2526 petauro
2048 2454 2276 2527 suspensi

133 2535 247 2589 sieut
266 2537 436 2612 abigei
455 2536 526 2592 ab
546 2538 821 2612 abigendo.
1244 2533 1431 2598 fuisse,
1466 2545 1517 2585 et
1557 2533 1613 2584 in
1650 2553 1714 2586 eo
1746 2532 1895 2596 elati,
1918 2532 2067 2602 ejecti
2120 2553 2135 2589 ε
2168 2553 2273 2605 quo

191 2635 234 2667 a.
253 2616 468 2668 Eadem
488 2617 848 2686 irfirmitate...
857 2622 1146 2686 exspectat.
1245 2622 1418 2663 noster
1440 2609 1659 2662 maxime
1686 2622 1886 2683 spectat.
1908 2611 2155 2663 Manilius
2181 2611 2273 2665 lib.

133 2691 256 2746 Dum
271 2694 466 2761 veniat,
477 2694 513 2746 i.
535 2715 579 2748 e.
604 2713 748 2765 eque
764 2707 895 2748 emt
917 2695 972 2746 in
991 2695 1144 2748 nimis
1243 2688 1323 2742 V:
1353 2709 1383 2736 ι
1404 2688 1489 2740 Ad
1516 2707 1756 2740 numeros
1774 2687 1924 2740 etiam
1954 2687 2044 2740 ille
2070 2687 2169 2741 ciet
2181 2708 2273 2740 eo-

131 2769 410 2825 estimando
447 2770 632 2825 dolore
658 2791 812 2843 quam
843 2772 901 2824 in
936 2791 1146 2844 exspee-
1243 2779 1399 2839 gnata
1419 2783 1507 2840 per
1520 2777 1679 2820 artem
1694 2765 1917 2840 Corpora
1931 2804 1948 2832 ,
1964 2785 2081 2836 quoe
2098 2765 2271 2821 valido

131 2849 287 2905 tando.
306 2851 492 2905 Ruhk.
1241 2846 1431 2899 saliunt
1448 2864 1650 2898 excussa
1666 2856 1873 2918 petauro
1889 2884 1904 2911 ,
1929 2844 2267 2914 Alternosque

188 2926 233 2979 3.
265 2927 440 2981 Suam
472 2969 490 2997 ,
543 2928 682 3000 quod
731 2927 903 2981 aherat
944 2927 1102 3002 vulgo
1121 2967 1136 2994 ,
1238 2925 1377 2978 cient
1393 2936 1563 2978 motus
1589 2922 1781 2977 :elatus
1814 2932 1867 2975 et
1890 2922 1979 2976 ille
2004 2923 2158 2976 Nunc
2183 2922 2269 2990 ja—

131 3003 301 3059 dedere
338 3029 394 3060 a.
431 3028 480 3062 c.
519 3007 591 3060 R.
633 3009 706 3061 A.
745 3007 891 3060 Ead.
911 3008 1006 3059 lr'n·
1049 3005 1139 3058 ubi
1237 3015 1347 3070 eet,
1395 3015 1546 3074 atque
1588 3000 1742 3073 buius
1786 3020 1905 3054 casu
1948 3001 2271 3074 suspenditur

129 3087 350 3157 repetitur
370 3091 544 3159 fingit
565 3090 672 3142 sibe·
693 3129 708 3156 ,
748 3087 916 3142 omitti
948 3099 1140 3160 poterat
1237 3080 1387 3133 ille.»
1404 3081 1539 3132 Vide
1556 3078 1631 3132 ibi
1657 3078 2007 3132 doctissimum
2024 3076 2269 3151 Scalige-

128 3181 399 3234 pronomen
423 3185 558 3219 eum.
574 3184 667 3218 ms.
683 3187 737 3218 a.
759 3165 924 3218 Schw.
1235 3177 1365 3210 rum.
1386 3157 1452 3210 Et
1466 3177 1588 3210 sane
1608 3155 1816 3208 artificis
1826 3157 2085 3236 eujusdam
2103 3155 2268 3209 oscil-

185 3241 232 3306 4.
259 3243 367 3310 Et,
391 3245 588 3297 oblitus
613 3243 766 3308 buius
783 3245 1009 3312 petauri.
1033 3241 1135 3295 Pro
1233 3238 1439 3292 lationis
1451 3236 1553 3290 hoe
1578 3257 1739 3310 genus
1762 3237 1915 3289 fuisse
1926 3235 2141 3289 videtur.
2166 3237 2231 3289 L.

122 3324 319 3384 petauri
335 3360 350 3388 ,
378 3322 590 3396 quidam
614 3322 732 3376 libri
750 3325 949 3390 peccati
981 3321 1138 3394 vulgo
1301 3323 1349 3372 5.
1354 3317 1701 3370 Metrodorus.
1718 3316 1925 3370 Amicus
1941 3316 2148 3390 Epicuri
2168 3336 2264 3370 no-

128 3397 420 3470 editursatr’.
447 3399 593 3471 Lips.
609 3427 679 3441 —
703 3400 974 3452 Petaurum
1005 3399 1139 3464 (πί-
1237 3410 1315 3450 tus
1333 3436 1349 3463 ,
1372 3400 1429 3449 r'n
1445 3416 1507 3450 ea
1525 3399 1767 3466 epistola,
1795 3416 1909 3467 que
1928 3416 2066 3449 nunc
2086 3395 2263 3470 deper-

127 3495 304 3544 ταυρον,
351 3477 467 3529 dor.
503 3489 555 3531 et
594 3478 708 3532 oeol.
729 3477 762 3530 i.
787 3498 842 3548 q.
875 3481 1098 3548 μετέωρον
1117 3517 1134 3540 ,
1240 3475 1345 3528 dita
1371 3487 1475 3540 est,
1503 3488 1551 3530 et
1577 3474 1721 3546 cujus
1745 3475 1937 3527 mentio
1971 3475 2181 3528 nonnisi
2206 3475 2259 3526 b.

126 3563 174 3602 ut
193 3552 318 3607 adeo
348 3555 486 3608 male
507 3575 536 3608 a
555 3556 810 3610 veteribus
833 3557 1139 3628 grammati-
1237 3553 1272 3605 l.
1298 3565 1345 3606 et
1368 3573 1469 3625 seq.
1492 3553 1651 3626 Epist.
1674 3555 1747 3607 fit.
1768 3553 1949 3606 Ruhk.

128 3628 189 3680 tis
215 3629 430 3686 deducta
465 3633 530 3686 sit
569 3653 666 3686 vox
703 3651 732 3684 a
771 3635 892 3702 πρὶς
917 3635 996 3684 τὶν
1025 3636 1138 3702 ἀέρα
1301 3635 1354 3686 6.
1378 3636 1700 3703 Alloquitur.
1730 3633 2044 3688 consolatur.
2064 3633 2139 3689 R.

125 3712 372 3778 mamm)
403 3709 714 3776 machinatio
747 3710 979 3782 quadam
1011 3731 1138 3782 pro-
1306 3733 1353 3783 7.
1375 3712 1653 3766 Mortale...
1678 3713 1887 3766 bonum.
1907 3713 1989 3766 Ab
2012 3713 2258 3788 Euripide

127 3789 220 3858 prie
237 3791 691 3856 funambulorum,
720 3791 860 3863 cujus
889 3811 985 3866 ope
1014 3812 1139 3845 eor-
1241 3793 1447 3864 (fragm.
1468 3791 1721 3854 LXVIII,
1744 3791 1809 3843 T.
1836 3792 1916 3854 ll,
1938 3811 1988 3865 p.
2016 3793 2140 3858 4135,
2177 3793 2257 3844 ed.

125 3885 236 3936 pora
251 3870 304 3921 in
319 3869 484 3922 altum
505 3868 798 3924 vibrantur:
819 3869 942 3923 hine
961 3872 1139 3924 aelm—
1237 3869 1391 3944 Lips.)
1414 3868 1511 3921 hoe
1532 3869 1854 3923 Metrodorus
1868 3862 2111 3942 sumpsit.
2128 3878 2259 3925 evn-

151 3948 487 4017 ονῆιςτῦχης,
515 3949 718 4018 iactatio
736 3951 949 4002 fortunae
963 3949 1138 4024 ,apud
1237 3971 1325 4001 των
1342 3950 1393 4002 δὲ
1421 3949 1599 4011 ,θνητὸς
1627 3948 1781 4010 ἴλὸος.
1804 3948 1997 4000 Mutet.

125 4019 461 4080 Plutarchum.
479 4027 733 4081 Ruhke-
750 4028 834 4082 Ad
856 4027 961 4082 ludi
979 4048 1137 4101 genus
1305 4027 1354 4078 8.
1380 4029 1462 4080 De
1480 4027 1613 4081 his...
1635 4029 1963 4078 concurritur.
1984 4025 2064 4076 De
2086 4025 2262 4076 fortui-

355 4123 478 4190 IV.
1886 4145 1909 4185 1
1928 4145 1967 4186 o

2330 1399 2366 1449 9
