2667 4475
422 322 544 387 150

994 322 1075 392 L.
1128 318 1487 389 ANNAEI
1536 318 1975 391 SENECAE

403 451 488 517 In
521 472 659 541 qua
693 472 832 520 non
863 474 1013 533 sum
1041 449 1318 519 solitum
1362 473 1616 523 morem
1656 468 1927 523 secutus
1966 503 1985 536 ,
2020 476 2149 524 nec
2194 458 2437 546 putavi
2465 457 2558 525 le-

396 566 587 633 niter
639 563 832 636 illum
889 564 1144 635 debere
1197 567 1517 651 tractari,
1572 591 1785 664 quum
1844 568 1954 661 obj
1966 568 2329 662 argutione
2394 588 2558 639 esset

399 704 608 773 ⁸quam
635 680 876 751 solatio
901 692 917 729 ¹
961 681 1260 776 dignior.
1288 682 1562 753 Afflicto
1598 685 1783 753 enim
1802 734 1820 767 ,
1857 699 1929 752 et
1958 708 2285 779 magnum
2314 686 2558 755 vulnus

405 796 580 865 male
627 797 918 877 ferenti,
963 800 1308 892 paulisper
1354 796 1733 867 cedendum
1770 816 1873 868 est
1908 826 1924 867 ε
1960 801 2239 869 exsatiet
2279 824 2351 869 se
2372 851 2398 887 ‚
2448 818 2557 871 aut

405 929 594 981 certe
645 915 943 1007 primum
989 915 1314 1008 impetum
1362 913 1687 983 effundat.
1738 916 1869 998 Hi,
1921 916 2043 1009 qui
2088 916 2221 985 sibi
2269 917 2555 1011 ²lugere

406 1046 884 1125 sumpserunt,
929 1032 1241 1125 protinus
1277 1014 1695 1125 castigentur
1722 1083 1741 1117 ,
1787 1048 1857 1101 et
1898 1032 2193 1121 discant,
2234 1034 2553 1126 quasdam

407 1148 609 1216 etiam
649 1148 1078 1218 lacrimarum
1111 1148 1403 1243 ineptias
1436 1170 1609 1218 esse.

515 1265 824 1337 «Solatia
854 1261 1281 1360 exspectas³i³
1313 1268 1625 1336 convicia
1654 1269 1919 1361 accipe.
1958 1270 2130 1336 Tam
2158 1268 2461 1337 molliter
2486 1283 2553 1335 tu

407 1383 544 1453 fers
583 1400 870 1452 mortem
903 1384 1089 1459 filii?
1133 1382 1303 1477 quid
1342 1383 1633 1467 faceres,
1674 1385 1731 1451 si
1763 1386 2053 1454 amicum
2090 1382 2553 1479 perdidisses?

403 1498 714 1567 Decessit
749 1498 932 1567 filius
964 1498 1242 1566 incertae
1270 1498 1461 1590 spei,
1494 1497 1819 1591 parvulus
1848 1498 2210 1591 :pusillum
2236 1500 2551 1591 temporis

405 1616 615 1707 periit
634 1608 690 1681 ⁴.
737 1614 986 1682 Causas
1013 1612 1268 1681 doloris
1292 1613 1761 1704 conquirimus
1784 1664 1802 1697 ,
1845 1628 1913 1682 et
1943 1612 2030 1681 de
2060 1614 2331 1682 fortuna
2358 1615 2549 1683 etiam

408 1729 648 1818 iniquo
673 1722 698 1764 ⁵
745 1727 944 1817 queri
990 1726 1300 1795 volumus
1324 1776 1346 1809 ‚
1400 1727 1594 1817 quasi
1640 1750 1779 1795 non
1824 1727 1915 1795 sit
1956 1726 2199 1820 justas·
2224 1727 2549 1819 querendi

324 1862 356 1922 3
409 1866 643 1915 causas
676 1844 1067 1936 praebitura.
1109 1841 1239 1925 At,
1281 1840 1748 1927 mehercules,
1792 1845 1957 1911 satis
1992 1843 2163 1915 mihi
2192 1844 2339 1937 jam
2374 1844 2549 1913 vide-

406 1962 596 2033 baris
627 1961 836 2032 animi
870 1958 1125 2029 habere
1146 2006 1166 2041 ,
1207 1958 1409 2025 etiam
1440 1957 1766 2038 adversus
1800 1958 2015 2028 solida
2048 1960 2223 2027 mala
2240 1986 2265 2049 3
2304 1959 2545 2029 nedum

406 2080 497 2148 ad
541 2081 703 2155 istas
737 2078 1014 2151 umbras
1049 2075 1377 2148 malorum
1399 2126 1419 2159 ,
1464 2071 1713 2166 quibus
1754 2076 2215 2169 ingemiscunt
2248 2078 2545 2147 homines

413 2196 625 2266 moris
657 2216 886 2264 eausa.
923 2187 1131 2287 Quod
1161 2190 1559 2265 damnorum
1588 2191 1891 2260 omnium
1926 2192 2285 2261 maximum
2322 2209 2460 2280 est,
2494 2195 2543 2262 si

401 2316 696 2387 amicum
717 2310 1158 2406 perdidisses,
1187 2307 1413 2381 danda
1439 2333 1647 2404 opera
1670 2324 1853 2395 erat,
1882 2326 1960 2380 ut
1982 2313 2200 2404 magis
2222 2311 2543 2404 gauderes

404 2430 588 2527 quod
621 2419 997 2516 habueras,
1037 2449 1243 2522 quam
1285 2449 1601 2500 moereres
1632 2426 1819 2520 quod
1850 2427 2196 2498 amiseras.
2230 2428 2373 2497 Sed
2401 2429 2538 2523 ple·

403 2549 604 2640 rique
654 2569 793 2615 non
829 2557 1261 2637 computant,
1308 2556 1563 2636 quanta
1599 2535 2133 2636 ‘praecepa-int,
2184 2547 2538 2635 ⁷quantum

322 2677 356 2744 4
407 2663 622 2756 gavisi
668 2663 830 2729 sint.
885 2663 1032 2728 Hoc
1075 2651 1325 2728 babet⁸
1382 2657 1565 2726 inter
1607 2655 1875 2748 reliqua
1920 2657 2080 2732 mali
2130 2655 2324 2730 dolor
2368 2661 2531 2731 iste:

402 2800 541 2856 non
587 2797 1048 2871 supervacuus
1079 2788 1344 2843 tantum
1368 2823 1387 2858 ,
1430 2771 1551 2843 sed
1587 2774 1897 2867 ingratus
1934 2789 2062 2844 est.
2104 2777 2325 2870 Ergo,
2370 2771 2536 2867 quod

472 3017 514 3052 ι.
539 2996 759 3052 Solam.
779 2992 868 3050 sic
884 3013 938 3046 a·
955 3013 997 3047 c.
1025 2994 1092 3047 Α.
1111 2991 1282 3064 'Vulgo
1304 3011 1427 3050 con-

364 3075 678 3138 ‘solatione,
713 3073 852 3146 quud
878 3094 938 3127 ex
975 3069 1172 3126 scholio
1216 3071 1425 3132 ductum
1522 3082 1724 3124 cuntur.
1745 3069 1849 3123 Alii
1866 3071 2022 3146 vulgo
2044 3074 2219 3146 itte'que
2232 3088 2252 3136 ,·
2270 3073 2363 3134 sed
2384 3073 2538 3140 iniqeu‘

399 3155 616 3211 videtur.
637 3154 800 3228 Schw.

465 3253 514 3286 ο.
537 3231 624 3286 He·
641 3237 738 3303 qiu·
757 3233 864 3285 se'be'
885 3235 1056 3302 lugere
1073 3241 1417 3298 sumpserunt.

401 3312 508 3382 Qui
539 3311 702 3364 luctui
733 3309 900 3363 dedita
940 3327 1092 3386 opera
1131 3307 1417 3381 indulgent.

395 3389 678 3460 Logmnge
701 3407 718 3442 .·
755 3389 902 3442 Celae·
925 3391 1018 3456 qui
1047 3406 1103 3439 se
1133 3389 1420 3440 condomae

395 3469 819 3523 volontae‘rement
833 3486 954 3518 aux
970 3466 1166 3534 plear-s·-

467 3545 726 3598 &Solatia
742 3553 1019 3613 exspectas
1036 3544 1067 3597 Ρ
1089 3555 1180 3594 ete.
1196 3541 1300 3595 Hic
1323 3561 1419 3615 ego

396 3621 622 3696 incipere
647 3621 809 3695 ipsam
839 3619 1104 3693 epistolam
1133 3619 1196 3672 ad
1225 3621 1419 3675 Marul-

395 3699 504 3762 lum
535 3700 670 3770 (vel,
709 3712 766 3752 ut
802 3697 892 3751 alii
926 3696 1076 3764 libri,
1107 3697 1416 3765 „Mat-illum)

397 3781 598 3856 opinor,
641 3791 690 3833 et
723 3789 882 3831 totam
915 3775 1150 3850 deinceps
1171 3775 1236 3828 ad
1257 3773 1416 3828 finem

395 3861 534 3938 poni·
560 3857 707 3928 Σίρι.

457 3943 510 4008 4.
523 3939 796 3993 Pusillum
809 3937 1058 4004 temporis
1071 3937 1241 4003 periit.
1261 3933 1418 3988 Intel-

393 4017 523 4092 lige,
553 4019 712 4087 periit
735 4017 836 4068 illi.
861 4011 1022 4068 Sohw.

459 4097 507 4150 5.
538 4095 746 4163 Iniqua.
772 4093 870 4148 Ma.
898 4109 952 4146 o.
989 4103 1045 4145 ut
1067 4099 1407 4162 prepostero,

1522 2993 1711 3054 deb-ecto
1724 3030 1741 3061 ,
1770 3007 1821 3046 et
1840 2993 2025 3051 similia
2044 3032 2059 3062 ,
2088 2993 2445 3058 adverbialiter
2465 2994 2537 3048 di-

1523 3149 1601 3204 ed.
1623 3149 1739 3222 Bip.
1754 3163 1803 3203 et
1824 3148 1992 3204 Ruhk.
2017 3150 2190 3204 invitis
2211 3149 2371 3207 libris.
2388 3151 2533 3208 Schw-

1584 3229 1632 3282 6.
1643 3228 1865 3301 Quanta
1881 3234 2225 3301 proecepen'nt.
2246 3230 2421 3306 Vulgo
2434 3248 2535 3298 per-

1518 3309 1743 3376 ceperint
1768 3306 1818 3358 h.
1843 3306 1877 3359 l.
1906 3306 2021 3360 libri
2050 3329 2227 3361 omnes
2248 3329 2263 3374 ;
2288 3309 2383 3362 sed
2418 3309 2535 3360 infra

1516 3406 1607 3460 pro
1633 3384 1843 3458 vulgato
1866 3396 2109 3454 percepta
2137 3398 2267 3440 recte
2287 3397 2535 3456 precepta

1517 3463 1767 3526 dederunt
1790 3483 1838 3514 a.
1868 3483 1909 3516 c.
1929 3465 2002 3515 A.
2028 3464 2165 3519 unde
2181 3463 2317 3518 idem
2334 3465 2533 3518 verbum

1516 3537 1601 3594 hic
1625 3542 1885 3594 restituere
1910 3562 2015 3594 non
2039 3540 2287 3595 dubitavi.
2304 3541 2465 3597 Selia.

1584 3640 1609 3688 7
1618 3658 1631 3671 .
1642 3619 1935 3688 Quanqum,
1955 3639 2044 3691 pro
2058 3619 2197 3692 vulg.
2212 3631 2527 3690 quqntumoe.

1518 3696 1702 3749 dedere
1720 3718 1775 3750 a.
1795 3718 1837 3750 c.
1856 3698 1926 3750 A.
1946 3716 2060 3750 cum
2078 3697 2223 3750 Pine·
2236 3710 2284 3748 et
2297 3697 2408 3750 Pal.
2422 3716 2465 3750 2.
2482 3693 2532 3745 S.

1582 3775 1631 3828 8.
1662 3773 1830 3829 Hoc...
1852 3777 1991 3828 moli
2013 3775 2167 3827 dolor
2188 3777 2300 3827 iste.
2336 3770 2531 3827 Coi-rexi

1516 3873 1574 3905 ex
1600 3872 1691 3905 ms.
1724 3873 1781 3904 a.
1806 3853 1923 3906 coll.
1955 3851 2097 3905 Pinc.
2122 3866 2173 3905 et
2200 3852 2347 3906 Grnt.
2374 3853 2533 3906 Dolor

1514 3936 1612 3992 iste
1632 3931 1819 3989 latebat
1838 3931 1933 3986 sub
1956 3932 2153 3987 doloris
2184 3951 2244 3984 se
2256 3969 2275 3994 ,
2306 3929 2443 4000 quod
2467 3939 2529 3978 est

1511 4005 1571 4061 in
1592 4029 1684 4062 ms.
1704 4030 1755 4061 a.
1782 4009 1956 4081 Vulgo
1978 4026 1991 4060 ε
2017 4011 2147 4062 inter
2168 4011 2261 4062 oel.
2284 4011 2433 4070 mala
2454 4007 2527 4058 do-

1510 4090 1593 4144 loe·
1612 4128 1629 4157 ,
1655 4089 1801 4160 quod
1820 4109 1955 4156 non,
1982 4099 2075 4144 ete.
2098 4086 2261 4147 θεὸν.
