2667 4475
301 268 406 359 ,ε
947 266 1029 334 L.
1077 258 1437 331 ANNAEI
1481 254 1911 331 SENECAE

357 389 680 487 Epicurei
700 397 716 427 ¹
743 392 912 461 duaa
941 407 1170 485 partes
1194 390 1644 484 philosophiae
1672 404 2083 484 putaverunt
2108 412 2283 479 esse,
2315 406 2513 460 nanc-

248 544 256 561 ·
363 510 578 575 ratem
611 523 815 598 atque
849 508 1209 581 moralemz
1250 504 1653 574 rationalem
1688 519 2152 601 removerunt.
2193 505 2505 591 Deinde,

365 649 576 717 quum
611 624 777 716 ipsis
819 623 1022 691 rebus
1071 638 1483 716 cogerentur
1528 621 1848 715 ambigua
1893 644 2253 691 secernere
2270 670 2295 709 ,
2340 621 2515 691 falsa

365 739 492 805 suh
527 738 754 830 specie
793 736 939 804 veri
985 736 1260 803 latentia
1301 757 1711 829 coarguere,
1756 736 1887 829 ipsi
1926 758 2199 827 quoque
2233 734 2465 803 locum
2483 786 2509 823 ,

366 876 566 946 quem
605 852 690 918 de
721 852 982 920 Judicio
1009 868 1077 919 et
1099 851 1363 943 Regula
1394 851 1777 945 appellant,
1814 850 1948 919 alio
1980 853 2257 921 nomine
2292 852 2513 919 ratio-

363 969 588 1038 nalem
623 968 1088 1054 induxeruntg
1127 968 1247 1037 sed
1293 992 1449 1036 eum
1500 971 1953 1037 accessionem
1990 993 2139 1038 esse
2176 950 2515 1067 naturalia

252 1114 312 1150 ιο
364 1088 579 1182 partis
612 1088 1018 1154 existimant.
1053 1086 1459 1179 Cyrenaici²
1502 1085 1836 1153 naturalia
1871 1110 2025 1155 cum
2060 1086 2513 1155 rationalibus

251 1936 308 1972 u

365 1203 782 1273 sustulerunt
802 1252 827 1290 ,
867 1218 937 1270 et
971 1203 1268 1271 contenti
1311 1201 1591 1271 fuerunt
1629 1202 2004 1271 Moralibus
2029 1188 2045 1270 :'
2070 1202 2193 1272 sed
2223 1204 2301 1272 hi
2334 1228 2517 1296 quo-

349 1342 538 1413 ·que,
583 1342 734 1411 quae
775 1309 1189 1401 removent³,
1235 1318 1435 1386 aliter
1470 1316 1829 1385 inducunt.
1878 1320 1961 1385 In
1988 1319 2295 1410 quinque
2322 1320 2513 1386 enim

361 1453 592 1531 partes
629 1437 918 1504 Moralia
952 1434 1309 1522 dividunt3
1356 1452 1432 1503 ut
1464 1460 1599 1505 una
1636 1437 1725 1504 sit
1759 1435 1845 1504 de
1878 1436 2253 1531 Fugiendis
2280 1452 2351 1505 et
2379 1439 2517 1504 Ex-

361 1552 717 1648 petendia,
765 1552 980 1621 altera
1031 1552 1117 1621 de
1165 1552 1545 1621 Affectibus
1576 1603 1597 1637 ,
1657 1554 1859 1620 tertia
1910 1551 1997 1621 de
2051 1552 2460 1621 Actionibus
2482 1602 2509 1639 ,

363 1686 607 1763 quarta
640 1668 726 1737 de
759 1670 1036 1752 CausiS,
1083 1670 1322 1761 quinta
1365 1667 1453 1737 de
1498 1669 1958 1763 Argumentis.
2000 1670 2233 1738 Causae
2276 1692 2513 1737 rerum

365 1809 443 1853 ex
479 1785 775 1853 naturali
811 1801 1004 1878 parte
1033 1801 1234 1873 sunt3
1273 1801 1674 1879 argumenta
1698 1804 1781 1853 ex
1817 1784 2131 1853 rationali
2156 1812 2175 1871 3
2204 1785 2513 1853 actiones

366 1926 448 1970 ex
503 1901 769 1969 morali.
829 1902 1104 1970 Ariston
1157 1902 1371 1971 Chius
1386 1896 1444 1988 ⁴,
1505 1928 1537 1965 «
1562 1926 1704 1969 non
1749 1915 2008 1969 tantum
2057 1924 2513 1993 supervacuas

366 2042 512 2087 esse
539 2068 557 2101 ,
599 2018 770 2086 dixit
791 2068 810 2101 ,
853 2018 1230 2087 naturalem
1268 2034 1339 2087 et
1371 2004 1804 2102 rationalem,
1839 2016 1962 2085 sed
1995 2019 2197 2085 etiam
2228 2033 2512 2085 contra-

367 2135 506 2202 rias
543 2161 622 2201 z»
657 2134 980 2203 moralem
1031 2158 1306 2227 quoque
1331 2184 1351 2217 ,
1408 2158 1607 2225 quam
1649 2134 1857 2201 solam
1893 2134 2309 2225 reliquerat,
2362 2133 2511 2201 cir-

367 2249 712 2320 cumcidit.
771 2254 942 2319 Nam
991 2275 1146 2319 eum
1199 2250 1421 2318 locum
1444 2243 1496 2332 ⁵,
1543 2251 1663 2343 qui
1707 2251 2108 2316 splonitiones
2155 2251 2463 2319 continet
2486 2300 2509 2338 ‚

364 2370 670 2458 sustulit,
701 2385 770 2438 et
791 2369 1150 2462 paedagogi
1167 2389 1313 2435 esse
1340 2365 1512 2435 dixit
1526 2415 1547 2451 ,
1580 2389 1713 2436 non
1731 2366 2101 2456 philosophi
2128 2394 2148 2433 .·
2186 2381 2505 2460 tanquam

361 2649 486 2694 nos,
520 2643 710 2684 veteres
741 2630 898 2684 libros
933 2630 1088 2684 secuti
1105 2669 1120 2695 ,
1149 2641 1264 2684 ante
1285 2628 1381 2682 ista

361 2710 532 2761 inille
549 2719 702 2777 parte
726 2708 996 2780 posuimus.
1017 2708 1181 2762 Schw.

435 2804 477 2837 ι.
493 2783 790 2853 Epicurei...
809 2795 1176 2837 removerunt...
1194 2785 1383 2837 exmi-

361 2875 527 2918 mant.
561 2863 878 2916 Confirmant
904 2863 1009 2916 haec
1035 2863 1195 2935 Diog.
1219 2863 1383 2915 Laert-

362 2941 412 2994 Χ
424 2978 441 3008 ,
455 2941 693 3006 31;,Sext.
709 2942 856 3014 Emp.
877 2941 991 2994 adv.
1007 2935 1382 3007 Mathem.V11,

363 3017 479 3073 203.
499 3019 746 3093 Epicurus
763 3059 778 3086 ,
797 3019 952 3091 spinis
972 3033 1020 3072 et
1039 3018 1174 3072 tricis
1193 3017 1383 3070 dialec-

361 3095 504 3162 ticis,
529 3116 651 3167 quas
687 3095 934 3168 Megarici
970 3109 1020 3150 et
1055 3095 1217 3149 Stoici
1241 3115 1381 3146 com-

361 3174 524 3226 menti
563 3187 726 3236 erant,
754 3173 976 3246 rejectis,
1003 3193 1157 3247 pauca
1182 3185 1382 3224 tantum

361 3265 605 3328 proecepta
629 3252 693 3305 de
719 3273 840 3305 vero
868 3264 918 3304 et
947 3251 1074 3305 salso
1109 3271 1224 3323 quoe
1249 3263 1381 3303 recte

362 3332 642 3395 tradantur,
660 3349 916 3385 canonum
939 3330 1146 3383 nomine
1164 3328 1384 3400 insigni-

363 3430 442 3471 re,
468 3429 622 3480 quam
637 3408 940 3461 Dialectices
955 3446 969 3474 ,
987 3407 1198 3470 maluit,
1219 3419 1266 3458 et
1286 3427 1383 3458 cx-

362 3489 531 3562 posuit
553 3486 616 3540 de
638 3488 703 3542 iis
724 3487 778 3538 in
802 3486 932 3540 libro
956 3487 1138 3550 unico,
1165 3485 1254 3557 qui
1281 3483 1385 3537 Ca·-

363 3584 470 3618 non
487 3586 523 3618 s.
535 3563 1130 3638 Regulainscribebatur.
1147 3561 1384 3636 Epicurei

365 3643 678 3697 Canonicam
695 3641 926 3696 Naturali
942 3642 1250 3714 conjungere
1264 3660 1385 3692 con-

361 3722 491 3776 aueti
523 3720 778 3794 appellant
807 3719 954 3773 illum
991 3719 1174 3773 librum
1193 3758 1209 3784 ,
1251 3719 1384 3790 judi·

363 3797 516 3854 candi
538 3799 923 3850 instrumentum
945 3810 995 3850 et
1013 3795 1317 3871 principium
1340 3815 1383 3848 ε.

364 3877 527 3950 prima
565 3874 897 3949 philosophie
925 3874 1186 3928 elementa.
1224 3875 1381 3948 Diog.

365 3958 526 4011 Laert-
571 3957 652 4022 X,
691 3955 774 4010 30.
814 3955 976 4009 Adeas
1009 3954 1187 4008 Buhlii
1215 3955 1383 4007 Com-

367 4048 570 4090 mentat.
615 4035 668 4088 in
713 4033 1070 4088 commentatt.
1107 4033 1224 4087 Soc.
1251 4033 1381 4105 Bag.

1480 2625 1622 2680 Gott.
1662 2621 1782 2680 vol.
1820 2623 1894 2680 xl
1914 2664 1931 2692 ,
1958 2647 2007 2701 p.
2041 2627 2135 2697 ²57
2160 2647 2287 2700 sqq..
2324 2625 2506 2680 Rubtae.

1544 2724 1593 2757 α.
1616 2707 1943 2776 Cyrenaici...
1963 2710 2185 2759 actiones
2204 2727 2277 2758 ex
2294 2708 2505 2757 morali.

1478 2781 1623 2836 Idem
1648 2795 1817 2834 narrat
1838 2782 2015 2834 Sextus
2039 2781 2231 2855 Empir.
2253 2779 2370 2834 ad'v.
2390 2783 2506 2835 Ma-

1481 2859 1634 2912 them.
1652 2859 1757 2912 VII
1772 2899 1785 2924 ,
1810 2879 1828 2910 ι
1844 2876 1882 2910 ι.
1904 2859 2010 2912 ΑἸἱὶ
2024 2860 2170 2912 aliter
2187 2860 2251 2913 de
2268 2859 2350 2912 his
2368 2861 2503 2913 Aris-

1484 2937 1613 3013 tippi
1640 2937 1809 3006 (cujus
1833 2938 1987 2990 vitam
2012 2959 2277 3010 moresque
2304 2940 2503 3011 egregie

1479 3037 1639 3092 nuper
1664 3018 1923 3090 descripsit
1950 3017 2304 3084 Wielandus)
2343 3018 2503 3072 disei-

1479 3095 1609 3167 pulis
1638 3096 2006 3170 judicaverunt.
2044 3097 2124 3148 Cf.
2164 3096 2502 3149 Tiedemanni

1484 3174 1633 3231 Gee'st
1646 3180 1741 3230 der
1760 3177 1903 3244 spek.
1918 3175 2061 3230 Phil.
2085 3178 2165 3239 11,
2194 3199 2242 3250 p.
2266 3177 2327 3228 52
2342 3197 2412 3248 sq.
2434 3177 2500 3230 R.

1549 3255 1593 3308 3.
1626 3255 1763 3328 Quoe
1785 3267 2054 3310 removent.
2079 3255 2165 3307 Sic
2185 3267 2316 3309 recte
2336 3253 2414 3307 ed.
2430 3253 2500 3307 R.

1484 3333 1661 3407 Vulgo
1686 3337 1780 3403 qm'
1796 3344 2049 3386 removent
2068 3353 2183 3385 cum
2208 3335 2278 3385 A.
2299 3352 2342 3384 c.
2366 3331 2423 3383 S.

1544 3414 1592 3480 4.
1608 3410 2010 3464 AristonChe'us.
2028 3412 2107 3464 De
2119 3409 2354 3462 Aristone
2370 3407 2497 3461 Chio

1478 3493 1543 3544 cf.
1566 3489 1743 3558 philol.
1766 3489 1902 3542 Bibl.
1928 3490 1996 3554 ll,
2020 3507 2040 3541 ι
2063 3509 2137 3560 sq.
2167 3487 2289 3541 Fuit
2318 3487 2498 3540 stoicus

1478 3569 1826 3642 philosophus,
1845 3567 2069 3624 Zenonis
2084 3567 2301 3632 auditor,
2322 3567 2497 3619 Clean·

1478 3647 1577 3700 this
1592 3646 2077 3720 amicus‚Chrysippi
2095 3643 2495 3699 inimicus.Caete·

1481 3745 1593 3778 rum
1614 3723 1751 3778 idem
1765 3737 1811 3777 et
1828 3725 2007 3777 Sextus
2020 3725 2166 3796 Emp.
2186 3743 2235 3796 p.
2263 3725 2370 3789 140,
2392 3741 2495 3773 nar-

1480 3815 1573 3869 rat,
1582 3801 1675 3872 qui
1691 3822 1749 3854 ex
1772 3802 1953 3855 eodem
1971 3804 2110 3854 fonte
2130 3800 2349 3852 hausisse
2364 3798 2496 3850 vide-

1479 3892 1581 3946 tur,
1602 3900 1707 3952 quo
1721 3891 1891 3934 noster
1912 3899 2031 3932 usus
2057 3889 2147 3932 eut.
2172 3877 2362 3931 Contra
2382 3895 2493 3930 eam

1478 3969 1859 4030 argumentatur
1885 3957 2079 4014 Seneca
2104 3957 2199 4030 Ep.
2220 3969 2367 4007 xclv.
2392 3951 2459 4005 R.

1547 4038 1593 4090 5.
1616 4035 1914 4110 Namfum
1940 4037 2109 4090 locum
2138 4036 2233 4104 qui
2252 4033 2499 4089 Maniai»-
