2667 4475
552 307 1047 380 mmmm
1084 272 1579 382 s'rolcon.
1633 315 1820 383 Lm.
1871 317 1931 383 1.
2177 319 2307 403 485

154 451 395 510 discere
421 452 481 510 in
508 463 665 510 tanta
697 455 967 534 temporis
999 456 1289 536 egestate?
1314 483 1343 508 t·
1367 455 1528 538 (Seu.
1562 455 1674 538 Ep.
1710 457 1948 540 xnvm.)
1973 457 2088 520 Nos
2123 473 2312 520 autem

31 545 57 584 ³
156 579 299 616 eam
316 556 415 616 :hic
436 558 675 639 insuper
693 557 991 634 habemus,
1016 561 1258 622 Auditor
1280 586 1297 621 ε
1322 565 1460 642 quia
1485 577 1542 624 et
1565 566 1904 626 Aristotelea
1930 567 2026 626 illa
2055 581 2316 628 accurata

154 663 433 747 (Logica)
460 665 741 726 imbutum
768 679 825 726 te
852 669 1007 740 scio;
1033 681 1091 728 et
1119 670 1181 728 in
1218 670 1432 730 Stoicus
1459 673 1652 754 spinas
1683 696 1798 734 non
1836 675 1996 734 lubet
2026 697 2182 734 nunc
2221 677 2318 734 iu-

154 770 335 852 gredi
356 813 373 844 ,
404 792 583 852 quum
626 772 685 830 in
736 773 963 836 tristitia
1000 771 1105 832 hac
1142 787 1462 856 temporum
1501 779 1730 840 suavius
1777 778 2009 861 aliquod
2047 780 2318 864 pabulum

157 877 366 936 anirno
387 878 686 938 conveniat
712 921 731 952 ,
768 878 1079 940 reficiendo
1096 891 1157 940 et
1184 881 1476 964 erigendo.

842 1077 1486 1141 DISSERTATIO
1543 1082 1654 1144 11.

162 1235 427 1315 Physica
444 1233 701 1294 laudata.
726 1232 1015 1296 Naturam
1034 1259 1380 1298 communem
1400 1249 1460 1298 et
1472 1247 1718 1300 nostrum
1741 1261 1806 1299 eo
1823 1241 2022 1302 dacer-e
2039 1237 2320 1322 :fruc-mm

1024 1345 1197 1403 etiam
1226 1345 1480 1405 invitare.

25 1511 47 1544 ι’
258 1523 559 1584 Portu-ns
576 1535 767 1584 autem
791 1525 1019 1585 suavius
1033 1569 1053 1600 ,
1084 1525 1376 1587 honestius
1395 1571 1412 1602 ,
1437 1525 1634 1588 utilius
1653 1529 1762 1588 isto
1781 1527 2192 1608 Physicomm?
2213 1527 2324 1586 Na-

25 1629 44 1646 ”
162 1645 304 1690 tura
334 1641 515 1690 totum
538 1632 729 1691 sinum
759 1653 924 1692 suum
958 1635 1121 1694 offert
1138 1677 1156 1707 ,
1192 1647 1249 1694 et
1282 1635 1485 1716 pandit
1511 1660 1529 1694 z
1557 1657 1762 1718 supera
1782 1679 1799 1709 ,
1832 1635 2021 1696 media
2041 1678 2058 1708 ,
2089 1633 2274 1694 infera
2303 1657 2320 1705 3

159 1737 375 1798 eaelum
392 1779 411 1810 ‚
436 1751 612 1798 terras
627 1782 645 1812 ,
668 1741 860 1821 ignem
880 1783 897 1814 ,
920 1761 1099 1821 aquas
1112 1783 1129 1814 ‚
1150 1761 1317 1816 εει-Μ
1339 1743 1620 1825 quidquid
1642 1745 1712 1803 iis
1735 1744 2077 1816 continetur,
2093 1743 2280 1802 Deum
2301 1785 2320 1816 ,

164 1843 417 1916 Genios,
438 1843 756 1904 Homines?
774 1844 850 1904 ad
863 1845 981 1906 haee
997 1848 1307 1928 spectanda
1328 1860 1388 1908 et
1405 1849 1692 1912 noscenda
1715 1851 1936 1909 invitat.
1958 1849 2145 1926 Quem
2169 1849 2322 1908 enim

164 1949 355 2008 alium
370 1993 389 2022 ,
402 1973 575 2031 quam
593 1963 683 2024 te,
699 1952 761 2012 id
782 1965 889 2026 est,
910 1953 1259 2014 Hominem?
1283 1981 1311 2008 οι
1330 1954 1458 2014 Non
1479 1956 1652 2016 habet
1672 1956 1888 2017 Natum
1905 1957 2058 2016 inter
2073 1957 2324 2015 maxima

164 2077 415 2136 operum
440 2077 671 2116 suorum
694 2101 711 2130 ,
738 2079 853 2138 quo
878 2060 1059 2140 magis
1087 2060 1388 2142 glorietur,
1415 2074 1515 2123 aut
1533 2064 1628 2122 cui
1655 2063 1926 2144 glorietur
1951 2088 1980 2116 ιι
2007 2085 2025 2121 =
2050 2074 2116 2121 ut
2145 2062 2328 2120 scitis-

166 2163 325 2221 sime
352 2161 569 2222 Seneca
598 2161 745 2222 dixit
773 2159 891 2245 (de
918 2163 1121 2225 Benef.
1159 2187 1248 2241 xv,
1278 2189 1407 2248 cap.
1435 2165 1559 2249 23).
1587 2167 1858 2228 Naturam
1881 2167 2042 2240 dixi,
2075 2167 2330 2249 intelligo

168 2270 391 2327 Deum.
418 2266 713 2349 Epictetus
738 2292 757 2327 ε
788 2296 816 2323 κ
842 2272 999 2331 Deus
1026 2270 1317 2331 hominem
1345 2273 1572 2333 induxit
1598 2276 1658 2332 in
1690 2274 1840 2333 hunc
1871 2272 2156 2333 Mundum
2176 2315 2194 2345 ,
2227 2273 2334 2331 in-

169 2388 495 2456 spectorem
525 2389 583 2435 et
613 2377 887 2436 arbitrum
916 2378 1005 2436 sui
1026 2420 1045 2449 ,
1080 2390 1251 2458 atque
1282 2399 1522 2459 operum
1559 2400 1790 2437 suorum
1829 2402 1847 2437 ε
1879 2400 1986 2437 nec
2014 2378 2196 2437 solum
2225 2380 2328 2437 in·-

168 2494 497 2563 spectarem
516 2526 533 2555 ,
558 2482 655 2541 sed
686 2495 1086 2543 enarratorem.
1110 2509 1140 2537 ιι
1167 2482 1257 2542 Ita
1278 2496 1456 2543 certe.
1485 2482 1696 2565 Magna
1718 2482 1838 2541 haec
1859 2496 1918 2542 et
1942 2482 2324 2564 pulcherrima

170 2587 361 2648 moles
379 2630 396 2660 ,
428 2600 513 2647 tot
539 2590 697 2649 varia
715 2601 773 2647 et
802 2611 1141 2672 magnaper
1178 2610 1303 2648 eam
1326 2610 1522 2670 sparsa
1539 2632 1558 2663 ,
1587 2589 1836 2649 hominis
1866 2610 2034 2649 causa
2059 2588 2288 2650 condita
2305 2614 2324 2650 =

172 2698 353 2757 homo
376 2707 564 2756 autem
584 2740 601 2768 ,
632 2709 696 2755 ut
714 2696 903 2756 Deum
926 2698 1104 2769 norit,
1132 2708 1254 2757 tum
1276 2710 1335 2756 et
1353 2697 1460 2757 ista
1481 2720 1498 2767 ;
1527 2722 1556 2751 ιι
1580 2696 1666 2755 Ne
1687 2708 1843 2757 tanta
1867 2698 1990 2776 ejus
2011 2718 2184 2780 opera
2203 2698 2328 2757 sine

172 2814 329 2863 teste
356 2802 489 2862 sint.
520 2829 550 2857 ιο
580 2802 743 2884 (Seu.
778 2802 852 2863 de
876 2803 998 2864 Vit.
1034 2802 1198 2863 Beat.
1234 2825 1287 2863 c.
1325 2800 1458 2885 31.)
1487 2790 1690 2884 Itaque
1720 2804 1924 2862 invitat
1953 2826 2020 2863 eo
2041 2847 2060 2876 ,
2087 2816 2154 2862 ut
2173 2801 2327 2878 dixi,

174 2922 375 2991 atque-
388 2909 531 2970 adeo
558 2932 763 2991 corpus
791 2923 851 2970 et
878 2909 1134 2970 habitum
1162 2923 1420 2969 nostrum
1442 2908 1552 2969 huc
1576 2908 1803 2969 direxit.
1837 2936 1866 2963 α
1890 2909 1998 2970 Ille
2019 2920 2174 2969 certe
2191 2910 2332 2969 vul-

176 3032 277 3078 tus
322 3028 539 3077 nostros
589 3017 769 3077 erexit
810 3016 883 3075 in.
918 3016 1117 3075 caelum
1136 3059 1155 3089 ,
1199 3029 1257 3075 et
1294 3015 1576 3098 quidquid
1605 3014 1974 3099 magnificum
2003 3016 2340 3097 mirumque-
2441 3052 2446 3059 ·

173 3124 399 3185 secent
414 3166 431 3197 ,
464 3123 645 3183 videri
678 3145 711 3182 a
746 3122 1185 3203 suspicientibus
1215 3122 1416 3181 voluit.
1457 3147 1486 3175 n
1521 3120 1732 3204 (Epist.
1768 3119 1961 3204 xcxv.)
1989 3120 2128 3203 Ipse
2155 3123 2330 3183 etiam

176 3232 411 3291 animus
432 3252 499 3289 eo
528 3229 720 3302 ducit,
744 3250 919 3311 vagus
950 3240 1149 3287 natura
1172 3270 1191 3301 ,
1216 3240 1275 3287 et
1293 3228 1566 3287 varietate
1587 3250 1652 3287 ac
1681 3228 1932 3287 novitate
1951 3248 2141 3287 rerum
2161 3228 2328 3289 latis-

176 3337 387 3397 simus.
422 3334 529 3395 Ille
556 3336 617 3393 in
648 3335 755 3394 hoc
785 3354 1021 3415 corpore
1044 3378 1063 3407 ,
1107 3333 1263 3393 velut
1294 3334 1356 3392 in
1389 3333 1643 3393 custodia
1677 3334 1902 3392 clausus
1929 3376 1946 3407 ‚
1990 3334 2267 3415 premitur
2303 3358 2322 3393 ε

176 3444 306 3505 nisi
342 3441 756 3522 Contemplatio
793 3441 1029 3500 accessit
1056 3484 1072 3514 ,
1114 3466 1143 3495 u
1180 3438 1317 3514 Quae
1359 3440 1522 3499 illum
1567 3440 1846 3520 respirare
1877 3461 2067 3500 rerum
2101 3440 2328 3501 Naturae

180 3548 510 3632 spectaculo
537 3548 735 3627 jubeat
753 3590 771 3620 ,
816 3561 873 3617 et
912 3569 947 3606 a
986 3547 1228 3606 terrenis
1273 3545 1522 3607 dimittat
1559 3545 1633 3606 ad
1675 3544 1891 3605 divina.
1921 3544 2060 3605 Hac
2099 3546 2330 3607 libertas

182 3659 349 3738 ejus,
380 3656 499 3717 haec
528 3656 785 3737 evagatio
814 3667 900 3713 est
923 3678 940 3713 z
970 3654 1237 3713 subducit
1266 3654 1494 3715 interim
1521 3675 1584 3713 se
1615 3653 1872 3713 custodia
1894 3697 1911 3728 ,
1937 3655 1997 3712 in
2032 3676 2146 3735 qua
2177 3667 2334 3713 tene·

183 3778 285 3824 tur
304 3804 323 3833 ‚
354 3772 415 3821 et
452 3761 591 3822 eoelo
618 3760 891 3821 reficitur.
930 3786 957 3812 ω
992 3757 1221 3841 (Epist.
1272 3759 1458 3841 mxv.)
1499 3759 1648 3822 Caelo
1670 3803 1687 3833 ,
1719 3772 1890 3841 atque
1929 3761 2100 3819 etiam
2127 3772 2278 3819 terra
2309 3784 2328 3819 ε

182 3870 357 3947 cujus
386 3868 573 3929 incola
612 3880 699 3928 est
728 3891 745 3926 ε
774 3878 835 3927 et
871 3868 1043 3926 totius
1072 3864 1275 3925 mundi
1306 3868 1496 3942 civis,
1521 3888 1686 3929 nosse
1717 3867 1958 3947 patriam
1989 3886 2150 3925 suam
2179 3878 2328 3925 avet.

180 3976 345 4050 Quid
378 3974 601 4035 incola?
630 3976 806 4036 immo
838 3973 1055 4033 advena
1078 4015 1095 4046 ‚
1127 3984 1185 4032 et
1212 3984 1277 4031 ut
1304 3974 1364 4033 in
1391 3994 1662 4055 magnum
1689 3984 2033 4067 conventum
2063 3993 2128 4031 ac
2145 3994 2334 4053 pane-

184 4083 379 4166 gyrim
394 4144 401 4151 ,
416 4083 517 4162 qui
559 4082 795 4141 veniunt
808 4125 825 4155 ,
858 4081 1065 4163 partim
1094 4090 1291 4139 emunt
1316 4122 1335 4153 ,
1377 4080 1583 4160 partim
1623 4080 1913 4153 vendunt,
1950 4079 2334 4140 honestissimi
