2667 4475
768 378 912 445 Ex
960 374 1317 445 LIBRIS
1363 372 1819 445 SENECAE.
2234 376 2368 471 395

218 511 345 582 bili
382 505 627 605 flagrat
663 557 684 591 ‚
762 504 966 600 plura
1017 518 1324 600 tempora
1381 502 1888 599 suspicionibus
1917 553 1941 591 ,
1997 505 2316 599 lacrymis
2344 555 2366 590 ,

217 620 823 721 conquestionibus
858 618 1125 717 perdit,
1180 620 1412 699 odium
1449 622 1556 691 s'ui
1591 622 1754 691 facit
1779 671 1800 705 ,
1840 635 1911 691 et
1952 622 2100 717 ipse
2139 624 2378 695 novis-
2445 682 2460 710 ,

216 748 391 815 sime
422 743 554 813 sibi
594 741 753 811 odio
789 755 914 812 est.
955 766 989 804 »
1747 742 1758 753 ·

1105 900 1270 955 Paulo
1290 900 1445 957 infra.

325 1048 445 1119 32.
486 1046 726 1119 Refert
773 1063 1109 1143 praeterea
1138 1048 1397 1118 Seneca
1423 1098 1444 1133 ,
1503 1074 1538 1114 α
1572 1050 1972 1145 cognovisse
2018 1074 2090 1119 se
2135 1073 2378 1144 quem-

217 1167 379 1237 dam
408 1180 725 1237 ornatum
753 1163 1104 1233 hominem
1126 1214 1146 1248 ,
1181 1164 1302 1258 qui
1331 1164 1640 1234 exiturus
1664 1165 1740 1233 in
1761 1164 2145 1260 publicum,
2173 1166 2384 1236 fascia

214 1284 451 1353 uxoris
480 1297 720 1377 pectus
756 1279 1163 1376 colligabat,
1193 1296 1265 1351 et
1288 1304 1380 1350 ne
1407 1296 1663 1375 puncto
1693 1278 1970 1376 quidem
1996 1280 2184 1352 horae
2210 1306 2386 1376 prte-

215 1399 441 1469 sentia
468 1398 617 1492 ejus
649 1420 887 1467 carere
918 1411 1190 1492 poterat
1208 1446 1232 1484 ,
1251 1398 1750 1491 potionemque
1777 1396 2034 1467 nullam
2059 1397 2194 1467 nisi
2216 1398 2386 1467 alte-

216 1518 371 1585 rius
419 1529 664 1583 tactam
722 1513 935 1584 labris
958 1563 978 1597 ,
1017 1514 1127 1582 vir
1167 1527 1238 1583 et
1286 1537 1462 1583 uxor
1494 1513 1912 1585 hauriebant
1952 1538 1972 1583 ι
2007 1512 2143 1583 alia
2183 1512 2386 1583 dein-

218 1652 390 1722 ceps
424 1652 565 1698 non
590 1627 818 1696 minus
849 1629 1089 1721 inepta
1124 1626 1458 1698 facientes
1479 1676 1501 1713 ‚
1553 1628 1628 1696 in
1675 1652 1830 1721 quae
1867 1626 2249 1722 improvida
2279 1628 2387 1698 vis

216 1752 531 1830 ardentis
558 1752 844 1822 affectus
876 1750 1303 1845 erumpebat.
1349 1778 1386 1816 n

1196 1921 1260 1991 In
1285 1921 1408 1975 fine.

332 2066 451 2137 33.
496 2094 531 2133 α
562 2069 735 2137 Nam
772 2063 944 2161 quid
966 2116 987 2151 ‚
1034 2068 1135 2136 ait
1167 2067 1430 2137 Seneca
1449 2114 1474 2153 ,
1506 2064 1594 2135 de
1627 2066 1802 2135 viris
1833 2065 2256 2161 pauperibus
2283 2062 2396 2133 di-

220 2210 375 2257 cam
405 2186 437 2254 Ρ
463 2208 754 2278 quorum
789 2186 866 2254 in
899 2204 1151 2254 nomen
1182 2184 1461 2268 mariti,
1495 2183 1585 2252 ad
1621 2181 1997 2253 eludendas
2034 2183 2224 2278 leges
2251 2206 2403 2276 quae

220 2317 466 2373 eontra
506 2302 779 2381 caelibes
820 2317 983 2371 sunt
1012 2352 1033 2386 ‚
1071 2326 1231 2396 pars
1268 2325 1520 2396 magna
1556 2300 1990 2370 conducitur.
2032 2300 2395 2394 Quomodo

224 2431 458 2516 potest
494 2441 739 2510 regere
774 2441 997 2486 mores
1016 2467 1041 2502 ,
1082 2433 1153 2486 et
1186 2418 1566 2511 praecipere
1602 2417 1982 2484 castitatem
2012 2464 2032 2499 ,
2068 2431 2137 2484 et
2165 2417 2394 2485 mariti

224 2536 705 2628 auctoritatem
736 2536 917 2604 tueri
935 2583 960 2622 ,
992 2535 1115 2628 qui
1146 2535 1388 2628 nupsit
1417 2535 1480 2602 Ῥ
1503 2559 1536 2598 n

619 2767 681 2824 B.
702 2769 1067 2822 Aueusnlms
1080 2805 1097 2835 ,
1122 2763 1185 2819 do
1212 2764 1414 2820 civitate
1431 2763 1536 2818 Dei
1549 2805 1566 2834 ,
1589 2763 1682 2820 lib.
1702 2763 1780 2818 vl
1801 2804 1818 2834 ,
1841 2783 1950 2838 cap.
1970 2779 2022 2816 x.

920 2900 1023 2980 34.
1081 2911 1166 2961 DE
1208 2915 1739 2962 surturi-riona.

320 3055 509 3122 Hunc
528 3055 733 3119 locum
760 3077 888 3141 prae
912 3055 1049 3118 aliis
1078 3054 1365 3118 omnibus
1389 3055 1598 3118 laudat
1617 3053 1666 3116 J
1666 3069 1832 3118 ustus
1863 3051 2112 3141 Lipsius
2135 3102 2154 3135 ,
2177 3068 2244 3118 ut
2265 3069 2409 3141 pote

224 3167 537 3240 acumine,
578 3163 882 3246 prudentia
899 3204 920 3237 ‚
963 3164 1222 3224 libertate
1249 3161 1608 3246 praeclarum
1643 3185 1660 3235 ς
1709 3162 1794 3224 ita
1842 3174 1910 3224 ut
1963 3161 2139 3224 illum
2175 3183 2240 3244 ιιι
2286 3164 2409 3226 suis

230 3271 495 3348 Electis,
520 3269 626 3332 lib.
643 3267 736 3348 II,
761 3291 815 3334 c.
836 3285 1027 3349 xvm,
1044 3269 1370 3333 inseruerit
1391 3281 1452 3354 et
1469 3269 1879 3353 peculiaribus
1899 3271 2062 3333 uotis
2078 3271 2407 3350 ornaverit,

232 3397 399 3462 quas
432 3377 534 3440 hic
555 3397 665 3440 suo
697 3397 964 3459 quasque
984 3375 1124 3440 loco'
1154 3377 1551 3464 apponendas
1569 3378 1931 3441 curavimus.
1950 3375 2281 3460 Postquam
2302 3379 2408 3442 lo·-

233 3507 389 3554 cum
408 3485 725 3570 exscripsit
746 3531 765 3564 ‚
788 3485 1089 3548 exclamat
1114 3509 1130 3547 ε

326 3657 361 3686 α
386 3627 489 3692 En
504 3630 841 3715 fragmenta
861 3675 880 3708 ‚
906 3643 969 3692 et
987 3630 1233 3712 quidem
1254 3644 1404 3694 tota.
1431 3630 1480 3693 J
1481 3630 1608 3694 uvit
1633 3631 1797 3693 enim
1818 3589 2202 3695 describere}
2230 3645 2410 3714 atque

232 3739 479 3811 utinam
504 3737 718 3822 plura!
744 3735 913 3800 Nam
939 3736 1083 3819 quid
1109 3757 1233 3801 non
1264 3739 1466 3802 solum
1500 3737 1754 3801 liberius
1773 3783 1790 3818 ‚
1824 3739 1934 3800 sed
1969 3739 2188 3802 melius
2210 3784 2228 3818 ,
2269 3760 2412 3820 acue

314 4019 359 4052 ι.
404 3997 518 4072 Qui
538 3999 729 4067 nupsit.
756 3999 953 4076 Nempe
986 4019 1277 4074 pauper-cu·
1377 4013 1429 4054 et
1457 4001 1668 4055 manum
1699 3999 1848 4052 venit
1865 4039 1881 4066 ,
1907 3999 2128 4053 facturus
2161 3997 2298 4068 quod
2320 3996 2412 4066 ἰιι-

233 4075 431 4139 1usille
448 4117 464 4142 ,
486 4077 765 4130 umbratilis
785 4077 1011 4130 maritus.
1036 4076 1142 4147 Qui
1164 4098 1279 4132 nu—
1376 4075 1525 4131 betur
1546 4118 1562 4146 ,
1600 4089 1650 4130 et
1670 4077 1921 4130 obnoxius
1947 4088 2004 4129 ut
2035 4073 2244 4128 femina.
2275 4074 2410 4136 Nam

236 4159 367 4234 bere
386 4155 573 4210 dicitur
586 4175 778 4232 aspere,
805 4158 1049 4230 quoniam
1062 4158 1120 4212 in
1138 4158 1279 4233 leges
1379 4157 1570 4211 nubere
1587 4156 1796 4230 proprie
1817 4156 1882 4209 de
1906 4152 2098 4209 femina
2130 4153 2329 4209 dieitur.

734 4335 765 4359 Ι
