2667 4475
223 868 294 925 ’65

351 281 476 348 128

931 272 1016 341 L.
1066 270 1424 341 ANNAEI
1472 270 1897 341 SENECAE

341 406 692 501 sapientiae
721 404 796 471 in
821 402 1084 472 abdito.
1115 404 1308 473 Sicut
1335 404 1674 472 sanctiora
1698 428 2045 473 sacrorum
2074 416 2339 473 tantum
2358 406 2505 472 ini-

341 525 490 592 tiati
528 522 798 605 sciunt3
835 522 931 588 ita
967 522 1043 588 in
1075 519 1555 612 Philosophia,
1596 544 1847 587 arcana
1880 519 2000 589 illa
2032 518 2348 589 admissis
2380 544 2505 588 re-

341 639 696 731 ceptisque
721 638 796 703 in
821 659 1012 705 sacra
1037 634 1527 721 ostenduntur-3
1556 650 1629 702 at
1650 651 1991 728 praecepta
2010 684 2035 723 ,
2066 650 2136 704 et
2158 634 2293 703 alia
2314 634 2505 725 ejus-

341 754 529 823 modi
541 769 567 837 ¹,
603 752 908 846 profanis
947 774 1223 844 quoque
1253 767 1417 819 nota
1442 766 1623 820 sunt.

437 866 840 937 Posidonius
863 870 880 901 ¹
919 890 1060 933 non
1091 878 1351 933 tantum
1374 868 1883 955 praeceptionem
1902 864 2109 955 (nihil
2158 866 2341 933 enim
2374 889 2507 934 nos

343 990 480 1059 hoc
502 988 716 1057 verbo
735 987 835 1055 uti
864 986 1245 1079 prohibet),
1281 985 1404 1053 sed
1434 986 1635 1054 etiam
1664 991 2058 1067 suasionem,
2091 1002 2160 1053 ct
2186 990 2503 1055 consola-

346 1108 625 1183 tionem,
664 1117 733 1169 et
759 1100 1294 1167 exhor-tationem
1317 1100 1766 1167 necessariam
1782 1097 2076 1191 judicat.
2111 1100 2233 1167 His
2258 1098 2367 1192 adj
2378 1101 2507 1168 icit

339 1240 696 1285 causarum
719 1218 1216 1311 inquisitionem,
1237 1216 1715 1309 etymologiam
1727 1220 1785 1299 ²3
1802 1238 2003 1307 quam
2022 1238 2241 1307 quare
2264 1215 2505 1285 dicere

343 1356 474 1401 nos
505 1355 646 1399 non
676 1329 1047 1400 audeamus
1067 1380 1088 1414 ,
1131 1355 1344 1423 quum
1379 1332 1818 1400 Grammatioi
1840 1380 1859 1414 ,
1906 1330 2225 1399 custodes
2264 1332 2503 1399 Latini

233 1482 301 1538 55
355 1448 682 1517 sermonis
701 1496 726 1532 ,
765 1459 889 1514 s'uo
918 1446 1079 1538 jure
1115 1445 1210 1513 ita
1241 1444 1622 1538 appellent,
1666 1469 1807 1514 non
1844 1444 2071 1515 video.
2114 1448 2228 1514 Ait
2256 1445 2507 1513 utilem

349 1566 644 1634 futuram
667 1557 692 1600 ³
727 1580 800 1631 et
831 1563 1363 1655 descriptionem
1392 1562 1731 1657 cujusque
1755 1564 2031 1632 virtutis
2056 1590 2073 1631 :
2098 1564 2281 1631 hanc
2299 1565 2509 1632 Posi-

349 1677 594 1748 donius
621 1680 1022 1769 ethologiam
1039 1672 1066 1721 ⁴
1097 1692 1337 1763 vocat3
1370 1678 1646 1770 quidam
1676 1678 2233 1747 characterismon
2260 1678 2511 1772 appel-

349 1797 496 1864 lant
511 1845 533 1880 ,
571 1798 767 1887 signa
801 1793 1134 1887 cujusque
1159 1795 1433 1862 virtutis
1460 1818 1541 1863 ac
1564 1796 1715 1863 vitii
1744 1811 1812 1863 et
1836 1810 2031 1863 notas
2056 1796 2455 1879 reddentem
2474 1844 2499 1878 ,

345 1912 604 2003 quibus
632 1911 814 1980 inter
847 1932 920 1977 se
955 1908 1212 1977 similia
1243 1908 1825 1979 discriminentur.
1867 1914 2025 1979 Haec
2052 1934 2162 1979 res
2190 1910 2509 1979 eamdem

351 2029 490 2095 vim
527 2025 740 2094 habet
761 2077 780 2110 ,
825 2050 1026 2118 quam
1060 2027 1461 2119 praecipere.
1498 2030 1669 2095 Nam
1690 2076 1712 2112 ,
1747 2028 1866 2118 qui
1888 2028 2237 2120 praecipit,
2280 2026 2455 2095 dicit
2482 2054 2503 2094 ι

236 2182 297 2248 6⁷
351 2144 480 2213 Illa
520 2144 722 2212 facies
744 2193 763 2227 ,
810 2143 868 2211 si
897 2143 1081 2212 voles
1113 2159 1495 2237 temperans
1536 2166 1708 2211 esse.
1751 2143 1893 2235 Qui
1938 2142 2267 2213 describit
2291 2192 2309 2228 ,
2359 2147 2502 2212 ait:

351 2261 772 2352 Temperans
797 2274 934 2340 est,
969 2260 1088 2351 qui
1117 2259 1232 2326 illa
1261 2259 1458 2345 facit,
1488 2261 1609 2351 qui
1636 2258 1771 2326 illis
1802 2259 2122 2328 abstinet.
2180 2261 2501 2353 Quaeris,

345 2378 520 2470 quid
545 2378 864 2446 intersit?
887 2377 1061 2444 alter
1086 2391 1425 2470 praecepta
1450 2378 1721 2445 virtutis
1740 2373 1859 2445 dat
1874 2427 1893 2460 ,
1924 2378 2100 2446 alter
2124 2377 2501 2472 exemplar.

351 2655 524 2696 tuntur
560 2643 755 2696 ratione
774 2683 788 2710 ,
827 2655 942 2714 qun
967 2644 1154 2715 justum
1193 2635 1373 2697 hones·

350 2734 560 2790 tumque
575 2721 827 2785 continet,
847 2719 982 2772 exiis
1001 2731 1216 2792 systema
1231 2719 1377 2793 prin-

352 2799 598 2872 cipiorum
620 2797 840 2849 exstruit.
862 2795 1045 2846 Ruhk.

423 2895 467 2928 ι.
490 2875 812 2928 Posidonius
833 2873 1003 2944 itaque
1025 2885 1072 2924 et
1093 2873 1146 2924 in
1167 2872 1248 2925 his
1267 2891 1376 2950 non

350 2955 516 3009 solnm
538 2975 660 3029 pure
683 2953 950 3026 praecipere
967 2989 983 3016 ,
997 2952 1208 3004 suadere
1227 2989 1242 3015 ,
1259 2965 1373 3018 etc.,

353 3034 496 3110 jubet
518 3072 533 3100 ,
558 3033 645 3087 sed
671 3031 928 3103 inquirere
947 3047 1150 3101 quoque
1173 3030 1228 3082 in
1245 3050 1379 3084 can-

353 3133 432 3170 sas
451 3155 466 3182 ,
489 3114 625 3167 unde
653 3115 762 3166 hoec
789 3110 960 3165 omnia
984 3108 1098 3164 lieri
1123 3126 1260 3163 nuuc
1288 3111 1377 3164 de-

351 3191 490 3246 hent.
512 3191 693 3254 Ruhk.

357 3319 364 3328 ,
421 3289 468 3322 2.
485 3267 879 3337 Etymologe'am
897 3283 1094 3336 queam
1113 3285 1278 3336 quare
1299 3269 1377 3318 ds·-

354 3365 462 3400 cere
495 3365 590 3398 nos
620 3363 724 3396 non
761 3347 1074 3397 audeamus.
1107 3343 1196 3396 sie
1228 3341 1377 3416 plane

355 3442 447 3475 ms.
465 3443 518 3474 a.
535 3421 630 3473 nisi
649 3421 784 3492 quod
802 3419 1170 3488 ethimologian
1189 3419 1376 3472 scribit.

355 3499 782 3568 Elbymologe'am
806 3497 885 3550 ed.
909 3497 980 3548 R.
1002 3497 1088 3549 sed
1117 3517 1377 3570 perperam

357 3576 604 3651 preponit
640 3587 688 3629 e!
727 3577 962 3650 copulam
984 3615 999 3642 ,
1042 3589 1092 3628 et
1119 3579 1377 3646 sequentia

299 3687 310 3696 ·
358 3653 512 3705 verba
525 3653 707 3718 turbat,
728 3673 840 3724 qum
857 3675 915 3706 ex
929 3657 1138 3722 conject.
1153 3653 1383 3706 emenda-

357 3731 434 3783 vit
447 3731 698 3782 Erasmus.
713 3730 1048 3800 Ethologe‘am
1065 3749 1158 3782 ms.
1173 3729 1383 3783 ezebo-

359 3812 556 3881 logu'am
600 3813 685 3862 vel
728 3810 1134 3882 ethymologiam
1181 3809 1262 3862 ed.
1307 3811 1383 3862 A.

359 3887 602 3956 Denique
629 3887 814 3958 vulgo,
853 3906 1018 3957 quam
1047 3905 1138 3940 cur
1179 3889 1383 3939 ariolo-

355 3973 508 4038 gt‘am
541 3969 708 4021 dicere
731 3987 835 4020 non
867 3970 1162 4020 audeamus
1183 4009 1196 4036 ,
1225 3987 1282 4020 ex
1312 3969 1381 4020 H.

367 4045 609 4118 Stephani
645 4059 694 4100 et
730 4046 916 4100 Mureti
948 4046 1169 4117 speciosa
1207 4045 1381 4115 utique

1476 2643 1845 2696 emendatione.
1886 2643 1989 2696 Sed
2016 2647 2314 2713 oetologe‘am
2340 2649 2365 2714 (
2382 2658 2509 2720 puto

1474 2724 1791 2790 aetiologiam
1833 2721 2095 2788 voluerat)
2138 2742 2199 2774 ex
2234 2734 2360 2776 vett.
2390 2721 2509 2776 libr.

1476 2799 1624 2860 etiam
1670 2797 1961 2853 laudaverat
2002 2801 2145 2855 Pinc.
2185 2822 2408 2873 quornm
2443 2825 2511 2856 ex

1474 2875 1758 2949 prescripto
1790 2877 2006 2930 delenda
2052 2879 2203 2932 etiam
2240 2893 2513 2934 censuerat

1474 2953 1577 3006 dno
1618 2955 1768 3007 verba
1812 2955 2145 3028 precedentia
2170 2993 2185 3021 ,
2216 2975 2509 3010 causarum

1472 3034 1860 3102 inquisitionem
1880 3071 1896 3100 ,
1916 3047 1973 3085 nt
2000 3053 2061 3085 ex
2079 3033 2383 3106 glossemate
2408 3035 2511 3088 in·-

1471 3122 1629 3162 veeta.
1654 3109 1815 3165 Schw.

1468 3209 1477 3222 ·
1537 3188 1584 3240 3.
1612 3188 2068 3260 Utilemsutumm
2088 3197 2141 3242 et
2154 3191 2392 3259 descript.
2412 3191 2507 3246 ste

1472 3277 1605 3318 recte
1620 3283 1712 3318 ms.
1729 3286 1781 3318 a.
1798 3285 1913 3318 eum
1938 3265 2083 3319 Pinc.
2096 3267 2373 3341 Pes-peram
2386 3271 2505 3323 vul-

1475 3361 1543 3414 go
1564 3360 1675 3394 esse
1692 3381 1709 3402 ‚
1734 3343 1923 3412 absque
1943 3351 2004 3396 et.
2022 3343 2186 3397 Schw.

1540 3419 1588 3482 4.
1606 3419 1945 3489 Ethologe‘am
1961 3433 2093 3473 reete
2104 3441 2179 3475 ms
2206 3443 2261 3474 a.
2281 3437 2329 3478 et
2348 3425 2505 3478 etl-A.
2530 3421 2538 3428 ’

1477 3496 1707 3551 Absurde
1742 3515 1910 3550 rursus
1945 3501 2265 3568 oets'ologt'am
2294 3501 2381 3555 hie
2408 3523 2505 3576 po-

1478 3587 1609 3628 nunt
1624 3575 1737 3628 edd.
1758 3587 1805 3626 et
1826 3575 1950 3628 olim
1971 3580 2361 3646 etymologiam.
2376 3580 2506 3632 S.—

1478 3652 1778 3724 Exemplum
1791 3651 1984 3704 illustre
2002 3671 2059 3703 ex
2077 3654 2395 3724 Antiquitate
2410 3675 2507 3708 no-

1478 3732 1555 3784 bis
1570 3744 1805 3804 praestant
1816 3731 2149 3804 Theophrasti
2172 3735 2503 3798 characteres,

1479 3809 1659 3880 quibus
1685 3808 2010 3882 praeluscrant
2029 3809 2278 3878 rhetores,
2307 3813 2415 3864 sivo
2432 3823 2507 3864 te·

1478 3889 1723 3960 chnologi
1741 3929 1755 3952 ,
1790 3909 1833 3941 e.
1872 3910 1917 3942 c.
1950 3889 2241 3944 Aristoteles
2275 3910 2289 3945 t
2319 3892 2509 3945 imitati

1478 3978 1595 4018 sunt
1620 3961 1773 4038 Angli
1798 3965 1863 4019 de
1892 3963 2055 4021 ethica
2094 3983 2431 4041 exponentes,
2476 3991 2509 4022 e

1482 4043 1785 4099 nostratibus
1804 4043 2057 4098 Gellertus
2080 4081 2095 4107 ,
2120 4045 2185 4098 al.
2218 4046 2399 4101 Raab.
