2667 4475
356 285 491 349 ⁴208
944 274 1029 343 L.
1076 275 1434 344 ANNAEI
1479 273 1912 345 SENECA-3

350 406 697 478 contraria
714 404 862 473 istis
886 418 1045 472 sunt
1065 430 1084 488 ς
1117 402 1370 473 deiude
1389 454 1410 487 ‚
1437 406 1602 498 quia
1625 403 1866 474 eadem
1889 404 2019 473 tibi
2045 404 2304 475 indicia
2327 430 2514 501 prae-

272 547 303 596 7
355 521 653 591 stabunt.
718 518 829 587 An
888 540 1029 585 non
1070 514 1302 600 vides,
1365 534 1694 610 quantum
1751 518 1968 587 oculis
2024 517 2141 587 det
2197 522 2516 614 vigorem

356 633 737 707 fortitudo?
761 648 1082 726 quantam
1105 633 1555 703 intentionem
1581 634 1945 729 prudentia
1969 637 2000 704 Ρ
2025 653 2350 728 quantam
2369 664 2519 706 mo-

358 754 641 823 destiam
664 766 737 818 et
762 751 1061 845 quietem
1094 752 1484 819 reverentia
1515 753 1894 843 Pquantam
1925 754 2360 821 serenitatem
2387 754 2514 823 lae-

358 870 511 938 titia
534 870 567 938 i’
599 882 926 961 quantum
958 867 1257 959 rigorem
1288 864 1614 935 severitas
1637 870 1670 937 i)
1692 882 2014 960 quantam
2039 870 2512 938 remissionem

278 996 312 1048 8
360 985 611 1054 veritas
627 987 644 1018 ¹
674 984 705 1051 ἱ)
746 980 1047 1071 Corpora
1086 1003 1253 1073 ergo
1281 995 1486 1065 sunt3
1534 1004 1688 1074 quae
1723 981 2018 1050 colorem
2062 980 2514 1075 habitumque

360 1120 723 1191 corporum
760 1108 1063 1179 mutant,
1105 1118 1258 1186 quae
1294 1096 1372 1163 in
1415 1094 1552 1163 illis
1584 1118 1877 1189 regnum
1927 1116 2124 1165 suum
2159 1110 2508 1165 exercent.

360 1212 616 1280 Omnes
636 1225 865 1278 autem
884 1258 906 1293 ,
938 1232 1105 1301 quas
1126 1206 1379 1290 retuli,
1411 1210 1692 1277 virtutes
1713 1258 1740 1289 ,
1767 1210 1964 1276 Bona
1987 1224 2181 1296 sunt,
2215 1224 2288 1277 et
2311 1206 2516 1301 quid-

363 1325 536 1419 q‘uid
560 1350 642 1393 ex
674 1325 811 1393 illis
842 1339 965 1393 est.
1004 1322 1358 1415 Numquid
1389 1339 1494 1392 est
1522 1322 1861 1410 dubium,
1893 1346 1985 1391 sn
2009 1322 2125 1406 id,
2167 1346 2308 1417 quo
2343 1321 2514 1416 quid

364 1448 555 1535 tangi
584 1457 851 1537 potest,
882 1464 1116 1532 corpus
1143 1440 1289 1507 sit?

627 1577 859 1651 Tangere
882 1576 1021 1631 enim
1045 1590 1095 1630 ct
1112 1576 1295 1649 ungis
1308 1573 1410 1629 uisi
1429 1595 1609 1649 corpus
1625 1616 1642 1639 ,
1665 1576 1810 1631 nulla
1827 1589 1991 1651 potest
2014 1598 2092 1631 res
2105 1581 2150 1645 ²,

284 1736 319 1788 9
365 1714 445 1768 ut
471 1697 569 1766 ait
594 1698 954 1766 Lucretius
988 1724 1007 1764 ι
1040 1698 1269 1766 omnia
1298 1711 1527 1766 autem
1553 1696 1680 1765 ista
1705 1745 1729 1781 ‚
1763 1721 1914 1789 quae
1947 1696 2134 1779 dixi,
2175 1721 2322 1765 non
2363 1720 2514 1765 mu-

368 1829 595 1885 tarent
627 1830 875 1907 corpus
895 1864 915 1896 ,
952 1814 1085 1881 nisi
1114 1831 1508 1905 tangerent3
1539 1836 1707 1906 ergo
1729 1837 2009 1903 corpora
2043 1830 2230 1881 sunt.
2259 1815 2518 1883 Etiam-

370 1923 627 2012 aune&
650 1929 763 1996 cui
782 1942 971 1995 tanta
986 1930 1095 1994 vis
1120 1943 1256 2009 est,
1287 1943 1364 1996 ut
1379 1927 1718 2021 impellat,
1749 1944 1820 1995 et
1835 1944 2069 2022 cogat,
2097 1944 2168 1996 et
2187 1930 2510 2011 retineat,

369 2060 441 2113 et
457 2042 697 2136 jubeat
712 2091 736 2128 ,
768 2065 1001 2133 corpus
1022 2056 1150 2111 est.
1184 2042 1378 2135 Quid
1399 2045 1621 2137 ergo-P
1643 2046 1796 2112 Non
1819 2046 2026 2112 timor
2049 2046 2310 2113 retinet
2329 2046 2362 2113 i>
2379 2069 2515 2113 non

370 2158 655 2229 audacia
688 2158 980 2253 impellit
1003 2159 1033 2226 Ρ
1054 2182 1194 2227 non
1226 2157 1554 2227 fortitudo
1576 2161 1876 2228 immittit
1899 2175 1972 2229 et
1996 2161 2326 2255 impetum
2347 2159 2518 2228 dat?

372 2300 515 2346 non
533 2275 907 2346 moderatio
926 2269 1246 2344 refraenat
1264 2300 1346 2344 ac
1369 2277 1688 2345 revocat?
1711 2300 1850 2345 non
1874 2276 2196 2372 gaudium
2223 2277 2516 2346 extollit?

266 2422 325 2456 ιο
372 2417 513 2462 non
553 2393 832 2463 tristitia
865 2391 1147 2461 adducit
1176 2393 1206 2460 P
1236 2393 1552 2484 Denique
1574 2441 1598 2476 ,
1645 2376 1986 2486 quidquid
2025 2394 2353 2479 facimus,
2401 2406 2516 2460 ant

374 2512 675 2596 malitiae,
704 2526 824 2581 aut
848 2510 1125 2579 virtutis
1150 2510 1452 2604 gerimus
1478 2508 1768 2603 imperio
1795 2509 2019 2603 :quod
2049 2513 2341 2604 imperat
2367 2534 2515 2579 cor-

372 2630 527 2723 pori
548 2677 572 2714 ,
600 2653 833 2719 corpus
846 2644 951 2696 est
970 2656 989 2712 3
1005 2625 1204 2720 quod
1235 2627 1374 2694 vim
1401 2629 1673 2721 corpori
1701 2627 1900 2696 affert
1917 2677 1937 2711 ,
1967 2652 2228 2717 corpus·
2262 2631 2510 2697 Bonum

375 2745 683 2837 corporis
718 2743 1072 2836 corporale
1102 2757 1204 2811 est
1234 2770 1253 2826 3
1293 2741 1550 2811 bonu'm
1581 2743 1876 2814 hominis
1899 2794 1920 2828 ‚
1961 2760 2030 2813 et
2059 2745 2369 2837 corporis
2393 2745 2513 2813 bo-

375 2885 541 2928 num
577 2875 681 2928 est
714 2884 733 2928 ε
764 2860 997 2951 itaque
1025 2857 1378 2951 corporale
1407 2875 1534 2928 est.

475 2973 820 3066 Quoniam
849 3021 873 3058 ,
916 2987 994 3039 ut
1026 2972 1313 3062 &voluisti
1335 3021 1360 3058 ,
1399 2996 1658 3043 morem
1709 2976 1886 3068 gessi
1924 2973 2048 3042 tibi
2081 3026 2101 3060 ‚
2143 3000 2330 3045 nunc
2377 2979 2514 3069 ipse

271 3113 323 3147 n
377 3087 601 3156 dicam
634 3086 853 3170 mihi,
894 3085 1081 3181 quod
1134 3085 1480 3156 dicturum
1511 3111 1662 3156 esse
1699 3104 1765 3155 te
1807 3087 2034 3157 video.
2087 3090 2514 3158 Latruneulis

378 3205 675 3274 ludimus
697 3197 754 3292 ⁴3
788 3205 862 3273 in
903 3206 1344 3299 supervacuis
1377 3204 1718 3273 subtilitas
1744 3207 1992 3273 teritur
2036 3233 2052 3272 :
2093 3231 2233 3274 non
2269 3207 2516 3276 faciunt

379 3322 595 3392 bonos
620 3323 749 3390 ista
773 3371 793 3405 ,
827 3320 945 3390 sed
967 3321 1225 3389 doctos.
1259 3320 1584 3414 Apertior
1607 3345 1718 3388 res
1743 3337 1846 3389 est
1873 3345 2116 3416 sapere
2145 3374 2165 3407 ‚
2201 3326 2339 3393 imo
2361 3325 2513 3392 sim-

452 3509 497 3544 ι.
532 3489 917 3544 Βεηιίεείοηεηι
947 3492 1161 3543 nutritae.
1189 3488 1407 3542 Animus
1505 3489 1602 3542 hoc
1621 3508 1773 3543 sensu
1789 3491 2008 3544 occurrit
2025 3512 2105 3565 sp.
2127 3492 2401 3556 Senecam,
2419 3513 2460 3545 e.
2477 3512 2514 3543 e.

380 3567 593 3642 simplex
607 3580 658 3620 et
671 3581 868 3642 apertus
882 3605 898 3633 ,
918 3586 1027 3621 non
1042 3587 1095 3620 se
1110 3566 1411 3621 custodiens.
1507 3567 1572 3620 de
1595 3566 1773 3620 Benel'.
1797 3569 1866 3634 V,
1891 3569 1924 3622 6
1941 3607 1956 3633 ,
1983 3589 2070 3639 ιο,
2105 3588 2179 3623 12.
2203 3573 2299 3644 Ep.
2321 3588 2434 3637 clx,
2455 3572 2512 3636 8,

384 3649 616 3702 Muretus
636 3647 886 3700 hilaritas
900 3649 1085 3699 fecerat
1102 3657 1275 3698 contra
1297 3665 1411 3698 om·-
1509 3660 1657 3700 cxvn
1672 3683 1688 3710 ‚
1715 3645 1763 3698 3.
1787 3645 1969 3702 ΒυΙιΙε.

384 3745 475 3778 nes
496 3722 684 3778 libros:
706 3734 909 3784 atcerte
930 3721 1128 3794 praeivit
1150 3722 1253 3794 jam
1274 3724 1416 3776 Ioete'-
1573 3723 1621 3789 4.
1667 3723 2002 3778 Late-unca&
2055 3728 2314 3782 ludimus.
2360 3725 2516 3779 Ludus

384 3807 480 3858 tia.
506 3803 657 3872 Lips-
1511 3811 1618 3854 erut
1631 3835 1648 3866 ,
1681 3801 1766 3854 cui
1817 3801 1904 3854 alii
1949 3815 2178 3856 nostrum
2231 3803 2482 3874 Toutcgii
2501 3839 2516 3866 ,

455 3901 500 3932 2.
532 3879 585 3932 T
577 3899 833 3948 angere...q
855 3898 953 3932 res.
979 3879 1168 3932 Versus
1192 3878 1414 3931 Lucretii
1511 3881 1632 3934 Aus
1651 3883 1765 3934 und
1779 3883 1886 3945 ein,
1913 3881 2002 3936 alii
2033 3883 2212 3936 ludum
2243 3903 2517 3938 mamm

390 3963 447 4028 1,
472 3961 587 4014 305.
614 3960 693 4013 Cf.
720 3959 841 4014 Aul.
866 3959 1003 4014 Gall.
1023 3961 1092 4022 V,
1128 3962 1204 4012 15.
1230 3960 1412 4012 Ruhk.
1511 3972 1558 4012 et
1589 3959 1948 4014 Damiludium
1985 3961 2282 4015 assimilant.
2311 3965 2438 4016 Vide
2461 3962 2516 4013 ad

457 4037 503 4088 3.
526 4037 858 4092 Etiamnunc.
878 4037 920 4090 1.
940 4055 985 4089 e.
1002 4049 1255 4110 preterea.
1269 4035 1415 4109 sepe
1513 4038 1576 4090 de
1590 4040 1778 4110 Tran.
1797 4045 1954 4096 Ans.
1973 4043 2058 4108 14,
2079 4044 2142 4109 4:
2161 4044 2292 4096 οἰοῖ.
2309 4044 2520 4096 Wems-
