2667 4475
271 530 781 674 NOVA
869 424 2122 678 FRAGMENTA,

560 874 693 941 Ex
732 872 1458 948 PALIMPs-ESTIS
1497 875 1844 949 ERUTA,

1019 1120 1398 1159 ...q-—

930 1420 1485 1469 Pnssuoul'rm.

214 1558 665 1633 SnQussu'nA
706 1560 1044 1644 fragmenta
1086 1582 1159 1623 ex
1190 1560 1301 1622 illo
1345 1560 1508 1623 libro
1547 1559 1846 1644 exscripta
1886 1570 2056 1636 sunt,
2101 1578 2286 1640 quem

144 1662 215 1727 V.
234 1664 334 1728 111.
356 1664 433 1726 B.
469 1663 555 1729 G.
582 1664 882 1741 Niebuhr,
904 1662 978 1729 C.
1000 1663 1099 1744 F„
1130 1686 1327 1749 nuper
1349 1688 1488 1730 cum
1517 1666 1876 1755 quibusdam
1904 1664 2043 1729 aliis
2070 1663 2284 1741 edidit,

143 1768 245 1831 sub
284 1770 409 1833 hoc
447 1770 622 1831 titulo
656 1792 673 1829 t
708 1772 799 1830 M.
850 1770 1029 1832 Tullii
1068 1770 1362 1833 Ciceronis
1421 1773 1755 1835 orationum
1791 1796 1898 1855 pro
1931 1773 2026 1834 M.
2053 1771 2288 1834 Fonteio

142 1886 195 1935 et
241 1897 349 1957 pru
405 1873 469 1937 C.
528 1876 773 1937 Rabirio
794 1874 1138 1957 fragmenta
1160 1922 1181 1955 ,
1242 1878 1315 1939 T.
1361 1878 1513 1940 sz‘t'
1563 1879 1663 1940 lib.
1712 1878 1861 1941 XCI
1893 1880 2288 1960 fragmentum
2337 1948 2344 1956 ,

135 1983 355 2063 plenius
391 1994 449 2043 et
486 1982 838 2043 emendatius
860 2026 883 2057 ‚
924 1980 995 2041 L.
1042 1982 1275 2045 Seneca
1287 1982 1664 2063 fingmento,
1706 2006 1780 2045 ex
1805 1988 2152 2048 membranis
2175 1988 2282 2048 Ba·-

140 2088 429 2150 bliothecoe
476 2088 778 2150 Vaticimoe
811 2086 1071 2164 (Romae
1094 2130 1113 2164 ‚
1163 2087 1320 2151 1820
1349 2114 1366 2163 ;
1416 2087 1614 2151 Paris.
1647 2093 1809 2173 apud
1845 2090 2248 2171 Lenomand)
2265 2139 2283 2168 ,
2318 2123 2326 2133 -

139 2194 319 2276 paulo
369 2206 509 2279 post
545 2215 729 2277 quam
756 2192 903 2258 Gaii
930 2197 1329 2258 Institutiones
1370 2196 1502 2279 ipse
1534 2196 1860 2280 reperisset
1899 2209 1962 2260 et
1989 2198 2054 2260 in
2083 2196 2285 2260 lucem

141 2301 437 2364 edidisset.
590 2281 595 2287 ¹

217 2405 371 2470 Haec
404 2405 647 2470 Senecae
666 2452 685 2484 ,
730 2427 899 2488 aeque
930 2427 1005 2471 ac
1048 2405 1370 2471 Ciceronis
1411 2419 1474 2468 et
1505 2408 1586 2468 T.
1615 2404 1776 2470 Livii
1805 2407 2178 2490 fragmenta,
2215 2430 2289 2473 ex

140 2516 355 2577 eodem
396 2513 505 2575 illo
544 2515 671 2595 jam
720 2511 915 2573 nobili
960 2511 1357 2574 Bibliothecae
1402 2509 1716 2574 Vaticanae
1758 2512 1967 2575 codice
2008 2511 2286 2577 Palatino

138 2617 385 2700 XXIV,
406 2619 624 2682 Tobiae
643 2664 666 2695 ‚
688 2617 955 2680 Judithae
979 2664 997 2697 ,
1014 2617 1169 2680 Jobi
1190 2631 1373 2700 atque
1387 2616 1666 2680 Estheris
1691 2617 1885 2682 libros
1909 2619 2252 2684 continente
2265 2667 2284 2701 ,

138 2741 309 2790 eruta
338 2741 476 2789 sunt
492 2773 511 2802 ,
542 2749 615 2789 ex
641 2745 761 2808 quo
790 2727 917 2807 jam
938 2739 1117 2788 antea
1135 2723 1215 2788 T.
1234 2722 1398 2786 Livii
1425 2721 1839 2787 Historiarum
1863 2725 2095 2810 insigne
2115 2727 2288 2810 frag-

136 2846 411 2895 mentum
439 2833 877 2915 exscripserant
900 2828 1125 2892 Paulus
1148 2828 1450 2893 Brunsius
1474 2843 1536 2893 et
1562 2829 1746 2892 Vitus
1784 2830 1835 2893 J
1835 2833 2166 2895 uvenatius.

216 2938 361 3001 Suae
401 2939 622 3001 horum
660 2938 1141 3023 fragmentorum
1193 2937 1442 3001 editioni
1487 2939 1641 3000 satis
1685 2937 1955 3021 amplam
2007 2939 2290 3002 notitiam

137 3044 431 3128 praemisit
458 3043 754 3120 Niebuhr,
796 3045 861 3105 in
887 3064 1004 3126 qua
1034 3055 1358 3127 postquam
1397 3044 1690 3106 nonnulla
1723 3043 2058 3106 monuisset
2067 3077 2090 3123 ·,
2122 3057 2185 3106 et
2215 3047 2292 3109 de

136 3150 425 3234 pretiosi,
451 3154 558 3214 sed
574 3152 795 3214 misere
821 3151 1039 3223 laceri,
1062 3149 1289 3214 codicis
1310 3150 1713 3234 descriptione
1734 3197 1752 3230 ,
1780 3163 1841 3213 et
1864 3152 1940 3213 de
1961 3151 2294 3216 rationibus

137 3245 367 3340 quibus
392 3278 535 3320 usus
562 3256 745 3319 suerit
768 3271 834 3319 ut
857 3255 1235 3319 oblitteratas
1267 3269 1329 3318 et
1358 3256 1489 3319 fere
1512 3257 1780 3340 perditas
1803 3256 2036 3319 litteras
2051 3271 2300 3321 erueret

140 3379 203 3429 et
230 3365 498 3448 legeret,
534 3367 780 3428 tandem
808 3366 901 3427 ad·
925 3363 1199 3448 ipsarum
1231 3363 1592 3428 schedarum
1625 3363 1903 3425 notitiam
1935 3364 2166 3428 accedit
2187 3408 2208 3443 ,
2237 3379 2300 3428 et

140 3473 219 3534 de
239 3455 470 3534 nostris
495 3469 849 3555 fragmentis
870 3471 958 3533 sic
983 3470 1251 3552 loquitur
1269 3514 1288 3548 ,
1313 3467 1562 3534 Notitiae
1577 3469 1650 3532 in
1670 3469 1816 3532 libri
1839 3469 2102 3533 stentem
2126 3493 2298 3555 prae-

140 3577 357 3640 missae
379 3599 441 3660 p.
476 3576 551 3640 13
583 3603 599 3638 ε

228 3709 261 3738 α
293 3679 509 3745 Prima
536 3683 696 3746 inter
724 3683 860 3746 illas
888 3683 1227 3768 (schedas)
1257 3697 1614 3767 comparent
1652 3705 1756 3746 sex
1785 3683 1932 3748 folia
1961 3704 2034 3746 ex
2070 3683 2303 3746 duobus

136 3791 211 3851 L.
227 3789 459 3851 Annoei
484 3792 717 3852 Seneca
735 3790 971 3873 scriptis
986 3834 1004 3867 ,
1027 3808 1284 3870 quorum
1302 3790 1605 3853 memoria
1623 3789 1860 3874 penitus
1885 3788 2269 3852 interciderat
2283 3835 2301 3866 ,

138 3895 341 3982 petita
364 3913 383 3952 ε
410 3917 596 3958 unum
615 3941 632 3972 ,
656 3917 776 3976 quo
793 3895 1031 3958 initium
1057 3894 1202 3957 libri
1222 3897 1291 3956 de
1311 3898 1437 3958 vita
1451 3898 1636 3979 patris
1667 3895 2004 3961 continetur
2024 3921 2040 3968 ς
2071 3893 2307 3975 reliqua

130 4002 423 4085 quinque
438 4003 509 4063 de
522 4003 779 4066 ατηὶοἰιία
797 4001 1263 4084 disputationem
1281 4001 1584 4076 exhibent,
1601 4021 1720 4082 quo
1734 3998 2120 4068 tamentiwlo
2139 3997 2313 4064 libel-
