2667 4475
488 309 1896 384 Pnrs1012.s‘rolcon.1,113.1.
2129 281 2266 409 5'09
2367 261 2376 272 ⁴

118 480 229 518 nec
260 456 450 517 minor
479 465 727 536 potestas
764 476 959 514 eorum
988 458 1046 514 in
1078 456 1313 514 minutis
1336 498 1355 529 ,
1383 477 1558 536 quam
1591 457 1650 530 in
1671 455 1893 538 magnis
1916 477 1934 513 ι
1955 475 2144 536 neque
2173 458 2268 516 in-

116 566 299 647 digna
329 565 498 622 etiam
529 564 821 642 majestate
852 562 1079 622 illorum
1110 562 1227 621 haec
1260 583 1419 622 cura.
1451 563 1578 622 Imo
1601 583 1726 622 eam
1747 562 1903 622 velut
1931 562 2170 644 gradum
2194 564 2270 625 ad

112 673 337 750 majora
364 669 484 728 ma
534 667 768 727 babent.
796 694 823 721 π
870 666 1128 750 Optime,
1174 681 1233 728 et
1260 669 1419 728 varia
1451 689 1518 728 ac
1561 669 1750 728 valida
1789 669 1932 727 ratio
1975 670 2035 727 in
2073 671 2270 750 paucis

114 778 333 838 verbis.
371 776 573 856 Itaque
601 775 755 855 apud
788 775 1120 834 Ciceronem
1148 772 1283 857 (ΙΙΙ
1314 775 1406 834 De
1435 775 1486 834 N
1491 786 1635 834 atur.
1663 773 1886 855 Deor.)
1909 774 2096 835 Stoice
2125 776 2274 836 dici·-

108 898 215 943 tur
242 907 259 941 ε
292 910 321 937 «ι
342 883 471 942 Non
500 883 768 940 universo
798 883 993 962 generi
1022 881 1317 940 hominum
1349 883 1530 940 solum
1550 926 1567 954 ,
1597 882 1701 940 sed
1733 883 1902 940 etiam
1933 883 2168 964 singulis
2187 928 2203 958 ‚
2237 905 2272 943 a

108 991 249 1049 Diis
282 989 698 1049 immortalibus
728 989 946 1046 consuli
972 1009 1036 1046 ac
1065 987 1377 1068 provideri.
1401 1013 1429 1039 ι»
1461 987 1615 1062 Quid
1645 986 1968 1047 hominibus
1997 989 2270 1071 singulis?

106 1099 297 1156 immo
318 1096 677 1167 animalibus„
696 1095 869 1152 immo
894 1095 1245 1152 animalculis
1266 1105 1322 1152 et
1345 1095 1572 1152 insectis
1591 1117 1607 1152 ι
1634 1105 1689 1152 et
1710 1091 1883 1153 iidem
1899 1094 2080 1154 Stoici
2089 1094 2271 1177 (idem

110 1203 322 1264 Cicero
352 1202 413 1260 ΙΙ
442 1198 669 1282 Acad.)
713 1199 871 1259 «Dei
910 1202 1263 1279 majestatem
1306 1219 1492 1280 usque
1535 1198 1612 1258 ad
1645 1199 1840 1280 apium
1873 1198 2271 1260 formicarum-

107 1331 231 1389 que
264 1307 674 1390 perfectionem
708 1305 1020 1365 deducunt.
1056 1333 1084 1358 ι»
1118 1307 1177 1367 Si
1208 1305 1618 1388 perfectionem
1641 1350 1657 1379 ,
1691 1306 1862 1365 etiam
1891 1309 2265 1367 curationem.

106 1416 275 1476 Bene
320 1427 377 1475 et
420 1415 527 1474 hoc
569 1413 961 1472 Damascenus
998 1433 1015 1471 ε
1048 1440 1075 1466 «ι
1107 1409 1470 1472 Providentia
1501 1425 1587 1471 est
1627 1411 1820 1470 divina
1859 1397 2115 1472 voluntas
2147 1415 2268 1472 sive

105 1523 397 1581 sententia
416 1566 434 1594 ,
463 1542 571 1603 per
591 1541 763 1603 quam
793 1521 984 1578 omnia
1012 1541 1139 1600 quae
1170 1531 1304 1578 sunt
1328 1518 1764 1578 convenientem
1793 1517 2053 1577 ordinem
2083 1531 2141 1577 et
2171 1541 2268 1578 re-

103 1629 307 1711 gimen
338 1627 569 1686 habent.
600 1651 629 1678 n
664 1625 925 1706 Itemque
955 1623 1376 1684 Alexandrinus
1409 1623 1508 1683 ille
1537 1623 1802 1684 Clemens
1831 1647 1847 1682 ε
1880 1649 1908 1676 κ
1937 1621 2042 1682 Est
2066 1623 2269 1684 Provi-

106 1733 311 1792 dentia
340 1715 607 1814 privatim
634 1743 693 1790 et
717 1731 999 1813 publice,'
1022 1730 1342 1811 etuhique.
1374 1755 1402 1783 s»
1438 1728 1543 1790 Est
1585 1743 1644 1790 et
1667 1732 1738 1789 in
1779 1729 1998 1789 actibus
2028 1731 2265 1814 singulis
2365 1784 2370 1790 .

102 1839 500 1920 singulorum,
534 1843 613 1897 ut*
630 1835 953 1896 Lactantius
986 1835 1103 1918 (De
1137 1835 1231 1896 Ira
1251 1880 1267 1909 ‚
1302 1857 1356 1896 c.
1395 1833 1492 1919 17)
1519 1859 1538 1895 a
1567 1863 1594 1888 «ι
1619 1835 1796 1895 Curat
1834 1836 2130 1896 hominum
2170 1839 2266 1897 vi-

102 1959 229 2004 tam
256 1944 414 2003 Deus
434 1987 451 2018 ,
485 1965 551 2002 ac
576 1943 925 2025 singulorum
958 1954 1116 2002 actus
1144 1940 1564 2002 animadvertit.
1596 1967 1624 1994 »ι
1665 1941 1870 2002 Nonne
1919 1943 2108 2024 ipsum
2152 1943 2261 2004 hoc

104 2064 199 2112 est
214 2096 233 2124 ,
258 2050 411 2132 quod
434 2072 607 2132 supra
626 2063 829 2109 nostrae
849 2051 1027 2132 partis
1042 2048 1342 2131 Epictetus
1361 2047 1390 2123 ‚'
1409 2076 1436 2103 α
1455 2049 1541 2108 Te
1559 2092 1575 2121 ,
1599 2049 1756 2108 Deus
1773 2092 1789 2121 ‚
1811 2051 1995 2110 necin
2023 2052 2264 2110 minimo

103 2157 245 2217 fallo
264 2156 287 2216 Ρ
308 2183 337 2210 n
369 2157 557 2239 Atque
574 2155 692 2216 haec
712 2178 888 2238 quum
912 2158 991 2215 ita
1008 2155 1259 2215 habeant
1280 2201 1297 2228 ‚
1322 2155 1556 2237 quidam
1580 2155 1626 2214 F
1628 2169 1840 2215 ortunae
1868 2157 2060 2214 omnia
2083 2150 2262 2215 trans-

100 2266 363 2325 scribunt
389 2288 406 2324 ε
434 2292 461 2317 «ι
480 2284 667 2345 neque
700 2263 816 2324 haec
837 2308 853 2338 ,
890 2264 969 2321 ait
995 2263 1211 2323 Seneca
1240 2262 1312 2345 (I
1332 2262 1544 2337 Quaest.
1579 2263 1641 2321 in
1675 2261 1840 2323 Praef.
1859 2261 1915 2344 ),
1951 2264 2100 2323 intra
2126 2265 2260 2323 vul-

99 2394 247 2455 gum
276 2370 563 2461 dementia
590 2382 708 2443 est,
733 2369 835 2429 sed
856 2368 1203 2449 Sapientiam
1228 2390 1457 2448 quoque
1490 2366 1772 2447 professos
1793 2369 2090 2449 contingit.
2116 2368 2260 2429 Sunt
2355 2368 2362 2373 ’

98 2478 263 2535 enim
302 2478 400 2557 qui
435 2490 641 2557 putent
662 2520 679 2549 ,
720 2476 829 2535 sibi
857 2474 999 2556 ipsis
1028 2473 1283 2533 animum
1313 2492 1468 2545 esse,
1505 2485 1564 2531 et
1600 2472 1834 2554 quidem
1860 2472 2162 2554 providum
2191 2496 2257 2533 ac

98 2582 529 2661 dispensantem
560 2580 781 2663 singula
801 2622 818 2652 ,
854 2592 911 2637 et
942 2600 1044 2637 sua
1072 2590 1131 2637 et
1157 2578 1345 2637 aliena
1369 2602 1386 2636 ε
1413 2576 1521 2636 hoc
1553 2590 1742 2637 autem
1777 2578 2128 2639 Universum
2145 2622 2162 2653 ,
2192 2581 2254 2639 in

97 2709 220 2768 quo
250 2708 351 2745 nos
380 2708 609 2767 quoque
636 2708 831 2747 sumus
854 2730 869 2759 ,
916 2706 1120 2767 expers
1154 2706 1277 2745 esse
1311 2684 1567 2757 consilii,
1603 2697 1658 2744 et
1696 2698 1795 2765 aut
1825 2684 1962 2745 ferri
1994 2686 2257 2747 Temeri-

94 2806 219 2852 tate
252 2794 534 2875 quadam,
568 2806 666 2852 aut
704 2793 921 2852 Natura
960 2792 1251 2851 nesciente
1294 2790 1436 2871 quid
1468 2789 1657 2851 faciat.
1685 2816 1713 2844 ιι
1744 2790 1956 2862 Errant
1988 2792 2082 2850 hic
2109 2814 2255 2873 pro-

98 2898 285 2971 fecto,
314 2900 395 2957 mi
428 2898 644 2958 Seneca
662 2941 679 2970 ,
716 2898 887 2957 etiam
916 2876 1253 2979 sapientiam
1274 2894 1514 2978 professi
1542 2920 1558 2954 ε
1585 2919 1694 2956 nec
1717 2896 2001 2978 Epicurus
2025 2898 2122 2957 ille
2151 2920 2252 2957 so—

90 3009 255 3081 lum,
286 3006 446 3085 cuius
475 3018 605 3064 nota
637 3004 836 3064 deliria
856 3048 873 3078 ,
910 3016 967 3063 et
996 3005 1096 3085 qui
1128 3002 1199 3063 de
1228 3002 1404 3062 Beata
1425 3003 1522 3063 illa
1543 3004 1757 3063 Natura
1786 3002 2042 3084 profatur
2065 3027 2082 3061 τ

432 3168 701 3219 Immortali
720 3184 823 3218 aevo
844 3203 859 3228 ,
878 3183 1068 3217 summa
1088 3184 1202 3243 cum
1220 3183 1342 3235 pace
1361 3166 1567 3229 fantur,

435 3260 633 3310 Semota
649 3276 679 3309 a
698 3259 875 3311 nostris
892 3257 1037 3309 rebus
1048 3292 1065 3321 ,
1089 3257 1414 3325 sejunctaque.
1423 3258 1568 3326 longe
1583 3278 1602 3321 3

84 3414 267 3491 longe
298 3420 543 3483 semota,
576 3422 746 3490 atque
780 3409 925 3470 adeo
955 3420 1119 3469 extra
1142 3406 1430 3467 Mundum
1459 3410 1628 3467 etiam
1659 3410 1929 3490 projecta.
1965 3409 2093 3469 Non
2118 3410 2244 3485 ille,

85 3520 331 3596 inquam
347 3558 365 3589 ,
390 3516 574 3575 solum
598 3538 614 3574 ε
642 3514 743 3575 sed
765 3514 919 3597 quod
938 3516 1237 3589 miremur,
1260 3513 1499 3587 Plinius,
1523 3514 1620 3573 ille
1642 3515 1704 3574 in
1722 3514 2011 3597 plerisque
2030 3515 2250 3575 Stoicus

86 3644 421 3705 germanus.
461 3622 537 3681 At
571 3619 668 3680 hic
704 3642 879 3702 quam
908 3620 1216 3703 degenerat
1240 3642 1257 3679 ε
1287 3647 1314 3674 α
1332 3618 1732 3694 Iri-idendum,
1756 3622 1944 3703 inquit
1964 3618 2118 3703 (Lib.
2143 3621 2205 3680 11
2227 3664 2245 3695 ,

84 3751 224 3810 cap.
252 3725 344 3811 7),
378 3749 547 3811 agere
574 3750 769 3787 curam
800 3748 991 3787 rerum
1018 3726 1398 3787 humanarum
1419 3727 1563 3786 illud
1579 3769 1596 3800 ,
1631 3728 1912 3809 quidquid
1934 3740 2048 3801 est,
2073 3722 2246 3787 Sum-

82 3858 275 3898 mum.
308 3862 337 3889 ι»
370 3834 447 3894 Et
479 3856 707 3896 causam
740 3834 902 3893 addit
931 3856 947 3891 ε
986 3860 1013 3887 «
1036 3833 1128 3892 An
1158 3846 1277 3892 tam
1316 3834 1467 3893 tristi
1505 3846 1676 3915 atque
1725 3834 2026 3915 multiplici
2057 3835 2243 3893 mini-

76 3942 265 4005 sterio
288 3964 404 4004 non
426 3943 606 4024 pollui
634 3940 931 4002 credamus
948 3985 965 4015 ,
998 3939 1435 4001 dubitemusve?
1457 3966 1485 3993 ι»
1513 3941 1602 4000 Ne
1623 3939 1946 4000 dubitemus
1970 3940 2236 4022 quidem,

80 4050 273 4125 Plini,
308 4048 454 4111 adeo
484 4070 599 4108 non
628 4047 947 4109 credamus.
984 4045 1137 4121 Quid
1166 4046 1321 4105 enim
1355 4066 1554 4107 censes
1569 4090 1588 4120 ‚
1617 4046 1870 4107 humano
1899 4068 2059 4107 more
2089 4068 2239 4129 quo-
