2667 4475
707 298 1253 375 EPISTOLA
1301 300 1683 373 XCVIII.
2148 302 2269 398 ¹47

137 439 254 505 ista
285 485 306 519 ,
367 450 518 529 quae
551 485 570 519 ,
629 450 708 502 ut
760 435 1065 528 speciosa
1109 447 1179 501 et
1231 431 1498 517 felicia,
1538 430 1821 498 trahunt
1854 428 2131 525 vulgum
2157 484 2179 518 ,
2229 458 2271 502 a

137 553 352 621 multis
385 568 452 620 et
489 572 669 645 saepe
703 564 1086 644 contempta
1119 562 1299 616 sunt.
1344 548 1705 617 Fabricius
1741 546 2013 617 divitias
2047 551 2271 645 impe-

137 683 308 736 rator
343 668 585 761 rejecit
610 672 630 703 ¹
652 716 673 752 ,
720 688 960 735 censor
995 667 1293 753 notavit3
1329 664 1655 734 Tuber-0²
1695 680 2163 759 paupertatem
2204 680 2273 733 et
2328 676 2387 729 13

137 806 200 851 se
231 782 504 879 dignam
557 799 629 852 et
681 782 1021 877 Capitolio
1050 781 1431 874 judicavit,
1480 804 1687 874 quum
1712 830 1729 864 ,
1774 776 2151 850 fictilibus³
2198 784 2273 851 in

136 900 396 993 publica
429 924 616 969 coena
651 921 854 982 usus,
899 898 1235 985 ostendit,
1287 898 1541 967 dehere
1584 898 1693 967 his
1739 899 2085 969 hominem
2127 920 2274 993 esse

137 1033 514 1086 contentum
535 1068 554 1099 ‚
587 1017 840 1109 quibus
865 1017 980 1086 Dii
1005 1018 1397 1085 etiamnunc
1420 1032 1801 1086 uterentur.
1828 1020 2137 1087 Honores
2160 1042 2278 1087 re-

137 1134 296 1227 pulit
319 1153 516 1229 pater
541 1136 808 1203 Sextius
829 1128 886 1217 ⁴,
977 1134 1088 1219 ui,
1126 1134 1223 1201 ita
1257 1146 1455 1201 natus
1474 1183 1493 1215 ,
1528 1148 1605 1200 ut
1632 1132 2123 1227 rempublicam
2150 1132 2279 1204 de-

137 1249 316 1319 beret
350 1266 750 1345 capessere,
793 1250 1001 1318 latum
1041 1240 1381 1331 clavum⁵,
1424 1248 1580 1317 divo
1624 1249 1804 1317 Julio
1846 1248 2091 1337 dante,
2134 1274 2276 1321 non
2338 1338 2359 1355 η

141 1370 382 1462 recepit
417 1394 434 1436 ι
472 1367 900 1463 intelligebat
943 1368 1125 1436 enim
1154 1418 1173 1450 ,
1229 1366 1415 1459 quod
1466 1364 1615 1435 dari
1664 1384 1931 1460 posset,
1989 1384 2059 1437 et
2099 1372 2278 1463 eripi

137 1508 336 1575 posse.
381 1487 526 1557 Nos
561 1508 834 1579 quoque
861 1484 1136 1578 aliquid
1170 1486 1300 1577 ipsi
1334 1484 1657 1553 faciamus
1686 1481 2023 1553 animose!
2070 1486 2279 1553 simus

137 1600 300 1669 inter
350 1600 702 1697 exempla!
763 1602 1002 1695 Quare
1054 1600 1467 1670 deficimus?
1513 1624 1729 1693 qnare
1786 1600 2279 1695 desperamus?
2333 1626 2390 1693 ¹4

137 1716 482 1817 Quidquid
519 1718 674 1787 fieri
713 1720 971 1813 potuit,
1009 1732 1261 1813 potest.
1302 1720 1441 1785 Nos
1478 1714 1677 1786 modo
1710 1740 2082 1812 purgemus
2116 1718 2278 1785 ani-

139 1856 338 1919 mum,
380 1856 891 1928 sequamurque
929 1850 1276 1920 naturam3
1325 1859 1365 1904 a
1412 1859 1547 1928 qua
1593 1836 1943 1905 aberranti
1981 1836 2277 1929 cupien-

137 1948 287 2018 dum·
329 1951 846 2045 timendumque
884 1968 988 2020 est
1021 2003 1040 2035 ,
1084 1968 1154 2020 et
1206 1953 1503 2020 fortuitis
1556 1948 2020 2021 serviendum.
2080 1954 2280 2021 Licet

137 2070 362 2136 reverti
390 2070 464 2138 in
497 2069 676 2137 viam
703 2118 724 2151 ,
768 2068 932 2137 licet
966 2070 1040 2136 in
1076 2068 1421 2163 integrum
1453 2068 1745 2137 restitui.
1779 2067 2268 2151 Restituamur,

135 2194 200 2248 ut
219 2186 547 2276 possimus
575 2182 874 2269 doloreS,
905 2207 1339 2279 quocumque
1362 2184 1562 2254 modo
1590 2206 1839 2280 corpus
1868 2186 2266 2266 invaserint,

135 2301 456 2390 perferre,
519 2319 588 2372 et
626 2303 914 2373 fortunae
967 2303 1197 2374 dicere
1255 2331 1272 2372 ε
1321 2303 1495 2374 Cum
1545 2306 1694 2372 viro
1744 2303 1875 2372 tibi
1919 2306 2271 2398 negotium

135 2431 250 2500 θεῖς
288 2442 520 2510 quaere
552 2442 758 2509 quem
792 2413 1068 2487 vincas!
1121 2443 1154 2482 »

216 2536 330 2603 His
364 2529 866 2619 sermonibus⁶,
905 2551 974 2603 et
1006 2535 1118 2604 his
1149 2533 1523 2618 similibus,
1567 2535 1825 2604 lenitur
1865 2535 1983 2604 illa
2014 2536 2119 2604 vis
2148 2534 2270 2604 ul-
2324 2553 2379 2608 13

193 2783 228 2816 ι.
253 2765 543 2821 Fabricius.
560 2805 574 2819 .
587 2805 600 2818 .
615 2803 634 2818 .
663 2770 848 2834 rejecit.
875 2766 940 2818 Et
978 2787 1134 2838 quum
1235 2763 1417 2817 teriam
1432 2764 1716 2839 repudiavit
1729 2778 1775 2818 et
1789 2785 1842 2819 se
1852 2765 1917 2817 ad
1930 2763 2266 2840 philosophiae

135 2839 330 2914 Pyrrhus
349 2845 424 2898 illi
446 2841 728 2918 magnifica
751 2863 994 2908 munera,
1012 2844 1139 2896 ami·
1234 2845 1405 2898 stoicae
1430 2843 1655 2898 studium
1691 2845 1917 2898 contulit.
1953 2845 2003 2897 Is
2042 2857 2091 2896 et
2124 2841 2261 2896 filius

133 2917 244 2973 citiae
264 2922 472 2994 pignus,
505 2922 720 2985 obtulit3
742 2935 792 2975 et
806 2942 966 2992 quum
985 2921 1138 2976 Sam·
1234 2920 1456 2974 celebres
1482 2923 1621 2975 fuere
1656 2923 1831 2995 primis
1864 2921 1953 2975 sub
1986 2923 2265 2996 imperato-

135 2997 292 3051 nitium
304 3001 480 3073 legatis
496 3001 760 3071 ingentem
786 2999 862 3052 illi
885 3019 1134 3052 summam
1233 2999 1371 3054 ribus
1388 3023 1517 3055 rom.
1537 3003 1617 3055 Cf.
1633 3004 1699 3056 ad
1720 3003 1918 3070 Ep.1.1x
1931 3041 1945 3068 ,
1967 3003 2015 3055 6.
2030 3003 2260 3057 Muretus

133 3078 336 3142 pecunia
358 3076 713 3144 offerentibus,
730 3089 784 3130 nt
807 3089 1005 3149 gratum
1025 3079 1133 3130 ani·
1231 3079 1316 3133 hic
1350 3081 1524 3132 laudat
1552 3075 1806 3134 Plutarch.
1828 3081 1949 3136 vol.
1987 3083 2067 3147 11,
2097 3105 2147 3158 p.
2180 3103 2257 3152 77.

135 3171 255 3206 mum
287 3155 350 3208 ob
373 3174 666 3210 concessam
688 3175 859 3227 pacem
888 3155 1132 3209 testifica·
1228 3157 1289 3211 E.
1315 3159 1455 3212 Frcf.
1476 3158 1655 3210 Ruhk.

133 3243 306 3299 rentur,
331 3234 590 3310 respondit
607 3255 658 3287 se
681 3234 832 3287 malle
857 3233 936 3286 his
958 3235 1132 3306 impe-
1295 3237 1344 3287 5.
1360 3235 1563 3288 Latum
1581 3239 1802 3290 clavum.
1822 3237 2032 3312 Insigne
2053 3254 2257 3294 senato·-

133 3325 226 3361 nte
247 3311 330 3382 qni
351 3332 530 3366 nurum
561 3310 803 3365 haberent
818 3350 833 3379 ,
857 3329 1010 3384 quam
1031 3331 1132 3364 au-
1227 3314 1395 3380 rium,
1422 3328 1622 3389 pectore
1649 3316 1940 3370 demissum.
1959 3320 2108 3391 Lips.

133 3403 228 3437 mm
249 3388 441 3444 habere.
1246 3453 1258 3463 ‚
1295 3392 1344 3445 6.
1358 3389 1471 3445 His
1494 3395 1832 3457 sermonibus,
1850 3408 1903 3448 et
1918 3397 2251 3474 etc.Abrupta
2288 3421 2295 3428 ·

188 3487 228 3518 α.
258 3467 464 3524 Tubero.
493 3469 646 3524 Cous.
674 3471 738 3524 ιὰ
773 3468 982 3543 Epistol.
1004 3483 1126 3534 xcv,
1227 3470 1339 3526 hcc
1397 3493 1502 3526 esse
1552 3472 1717 3544 quivis
1762 3475 2003 3548 intelligit
2024 3515 2039 3543 ,
2086 3479 2255 3551 inquit

134 3540 244 3614 57²·
268 3547 444 3600 Ruhk.
1224 3549 1396 3602 Ruhk.
1446 3549 1617 3620 Quare
1658 3553 1889 3606 Muretus
1936 3555 2006 3608 ait
2036 3574 2049 3608 ε
2090 3579 2250 3628 quum

189 3621 229 3675 3.
250 3623 588 3679 mentibu...
613 3635 888 3679 uterentur.
919 3623 1127 3678 Confer.
1223 3625 1377 3696 hujus
1412 3629 1547 3681 senis
1584 3630 1778 3682 nullam
1817 3631 1873 3684 in
1910 3634 2251 3706 superioribus

134 3694 211 3766 Ep.
237 3715 353 3753 και
385 3703 476 3754 fin.
507 3703 640 3754 Plin.
669 3703 761 3765 35.
796 3703 890 3770 46:
916 3704 1018 3755 «In
1039 3722 1128 3754 sa-
1223 3705 1539 3760 mentionem
1556 3710 1731 3763 fecerit
1751 3709 1944 3764 Seneca
1961 3749 1976 3777 ,
1996 3713 2143 3768 facilc
2159 3715 2251 3766 ad-

135 3773 214 3861 eris
229 3777 424 3846 quidem
446 3780 596 3832 etiam
624 3781 756 3833 inter
775 3779 864 3834 bas
886 3801 1003 3856 opes
1020 3780 1128 3834 ho-
1226 3785 1403 3848 ducor,
1424 3800 1478 3838 ut
1497 3798 1695 3860 putem,
1720 3788 1881 3841 multa
1898 3789 2051 3864 hujus
2072 3792 2251 3866 episto·

134 3851 202 3905 dte
225 3853 450 3914 fictilibus
484 3859 764 3935 prolibatur
793 3862 1075 3936 simpuviis.
1095 3883 1122 3910 υ
1223 3863 1288 3916 lae
1319 3865 1566 3941 principio
1604 3867 1895 3922 desiderari.
1935 3873 2003 3922 At
2040 3871 2249 3944 Stepha-

136 3927 316 3990 Conl'er.
336 3939 566 4012 Heynius
592 3939 656 3993 ad
677 3939 866 3993 Tibull.
887 3943 940 4008 1,
972 3961 1021 4008 1,
1042 3941 1124 3998 38.
1225 3961 1320 3994 nus
1337 3943 1495 4014 Epist.
1515 3943 1577 3994 ad
1598 3943 1899 3998 Dalecham.
1918 3962 2062 4001 mn
2088 3949 2250 4001 credi-

135 4005 293 4066 Ruhk.
1227 4019 1362 4072 derit
1402 4021 1602 4093 potius,
1651 4022 1801 4094 hujus
1838 4023 1993 4096 ipsius
2025 4024 2246 4098 epistolae

187 4089 228 4152 ⁴·
249 4089 404 4146 Pater
417 4093 956 4172 Sextius-dignitatem
975 4117 1124 4150 sena·
1225 4097 1381 4150 finem
1408 4097 1707 4166 desiderari,
1738 4113 1785 4153 et
1812 4101 2117 4174 principium
2152 4103 2246 4156 ali-
