2667 4475
945 268 1518 338 EPISTOLAE.
2166 280 2298 374 47*

32 465 59 484 a
160 399 297 478 jore
318 415 455 458 cum
482 393 679 480 fructu
702 394 1005 478 legentur,
1040 395 1089 456 si
1122 396 1396 479 legantur
1427 412 1492 460 ut
1521 398 1782 461 hominis
1813 403 2060 486 pagani,
2086 424 2304 485 quem-

160 503 491 564 admodum
532 501 703 564 initio
746 499 979 584 praefati
1010 521 1213 564 sumus
1241 516 1279 560 ¹.
1320 501 1530 583 Quum
1561 517 1760 568 autem
1802 506 1925 570 hoec
1971 510 2302 572 scribantur

37 594 53 609 ⁸
158 607 504 669 clanculum.
533 605 689 667 inter
723 606 886 688 ipsos
905 651 922 682 ‚
956 627 1137 686 quam
1174 606 1324 667 nihil
1369 621 1459 668 est
1491 608 1552 669 in
1585 605 1848 673 Paulinis
1877 613 2145 695 epistolis
2190 615 2296 676 illo

40 789 58 800 ⁴
156 709 335 772 Pauli
362 711 575 794 spiritu
606 712 851 793 dignum
869 756 887 782 ,
920 732 1099 792 quam
1132 713 1223 772 vix
1257 734 1510 794 usquam
1539 715 1746 776 audias
1771 736 1994 778 nomen
2027 715 2252 788 Christi
2277 768 2294 795 ,

38 801 57 825 ⁵
159 839 347 899 quum
398 818 501 879 ille
524 837 663 880 non
714 817 905 880 soleat
953 818 1117 880 aliud
1164 840 1415 904 crepare
1462 842 1642 903 quam
1690 822 1740 884 J
1741 845 1909 886 esum
1941 822 2286 888 Christum!

45 924 53 932 '
158 921 397 985 Deinde
430 923 601 984 illum
635 922 1027 984 fortissimum
1054 921 1375 1006 Evangelii
1402 940 1944 1008 propugnatorem,
1979 949 2159 1010 quam
2201 930 2296 991 fa·-

31 1033 43 1116 'q
158 1029 241 1090 cit
270 1029 335 1088 in
364 1027 458 1088 his
490 1027 760 1110 epistolis
785 1027 1279 1090 formidolosum!
1310 1027 1611 1113 Obiurgat
1649 1029 1944 1096 Senecam
1975 1038 2134 1115 quod
2177 1038 2298 1096 Ne-

30 1115 44 1150 *
160 1133 297 1194 roni
331 1133 608 1194 indicarit
649 1131 933 1215 epistolas
984 1133 1197 1216 ipsius,
1247 1154 1396 1214 quas
1437 1135 1498 1194 in
1545 1135 1664 1196 hoc
1711 1138 2078 1219 scripserat,
2122 1153 2191 1200 ut
2230 1141 2294 1200 in

36 1242 47 1334 fl*
159 1236 439 1298 omnibus
482 1236 749 1300 ecclesiis
801 1236 1141 1319 legerentur
1164 1285 1183 1316 ,
1240 1251 1418 1318 atque
1462 1241 1614 1300 adeo
1659 1240 1942 1324 seipsum.
1990 1246 2295 1328 redarguit

224 1486 239 1515 ⁸
276 1483 336 1534 ln
356 1482 579 1554 Epistola
609 1483 974 1555 nuncupatoria
998 1483 1062 1535 ad
1100 1483 1160 1534 ἢ.
1192 1481 1258 1534 D.
1290 1483 1494 1534 Petrum
1522 1483 1830 1555 Episcopum
1863 1483 2252 1538 Cracoviensem
2278 1505 2292 1536 ι

158 1589 185 1613 ιι
209 1564 493 1636 Equidem,
529 1564 724 1636 inquit,
744 1565 957 1617 arbitror
988 1565 1152 1638 magis
1190 1565 1382 1617 iurem
1415 1585 1519 1618 esse
1546 1565 1777 1634 lectoris,
1811 1581 1868 1619 ut
1895 1569 2110 1621 Seneca
2133 1569 2291 1622 libros

153 1651 291 1722 legat
306 1689 323 1716 ,
350 1649 487 1702 velut
504 1649 727 1705 hominis
744 1649 912 1720 ignari
935 1661 1119 1702 nostrae
1139 1647 1418 1719 religionis.
1445 1649 1646 1714 Etenim
1669 1650 1712 1702 si
1735 1649 1870 1722 legas
1893 1649 2036 1708 illum
2059 1664 2116 1710 ut
2136 1671 2291 1726 paga:-

151 1755 283 1796 num
300 1774 315 1801 ‚
338 1735 529 1807 scripsit
555 1733 836 1796 Christiane
859 1754 874 1798 ;
896 1734 940 1784 si
960 1747 1015 1784 ut
1040 1731 1409 1796 Christianum,
1432 1734 1622 1809 scripsit
1651 1736 1908 1807 paganice.
1932 1735 2108 1803 Quum
2127 1753 2297 1790 autem

152 1818 209 1869 in
235 1817 325 1876 illo
341 1819 443 1870 sint
460 1818 678 1886 plurima
703 1856 720 1883 ,
745 1837 859 1889 quas
885 1816 1147 1889 segnitiem
1172 1829 1392 1869 nostram
1423 1817 1614 1890 possint
1639 1818 1702 1870 ad
1725 1819 1924 1870 virtutis
1946 1819 2170 1873 studium
2189 1842 2284 1874 ac·-

31 1893 35 1926 ²
150 1899 367 1953 cendere
385 1938 399 1967 ,
420 1900 677 1954 habebunt
694 1901 780 1953 ead
788 1921 866 1953 em
885 1901 1100 1953 acriores
1116 1900 1313 1954 aculeos
1330 1938 1348 1965 ,
1374 1900 1418 1952 si
1437 1900 1712 1974 cogitemus
1739 1902 1801 1954 ab
1819 1902 2022 1955 ethnico
2045 1904 2285 1976 prosecta.

31 1999 33 2002 ’
140 1985 305 2058 Apud
325 1987 437 2038 illos
463 1986 601 2045 enim
618 2001 735 2038 sunt
752 1985 981 2056 quadam
1003 1985 1069 2037 ita
1084 1983 1216 2038 dicta
1238 1999 1472 2057 gestave,
1495 1999 1550 2040 ut
1570 1987 1702 2057 juxta
1720 1987 2058 2041 Christianam
2083 1989 2290 2058 quidem

148 2070 524 2144 philosophiam
553 2069 879 2127 vehementer
896 2069 999 2122 sint
1023 2069 1373 2144 improbanda,
1403 2089 1503 2142 prae
1522 2089 1573 2122 se
1593 2073 1756 2124 ferant
1775 2083 1944 2124 tamen
1967 2072 2146 2125 miram
2175 2073 2292 2124 vir-

146 2153 271 2216 tntis
296 2153 521 2214 indolem
543 2193 557 2222 ,
584 2153 723 2206 velut
742 2153 875 2206 illud
900 2153 1117 2206 Socratis
1137 2173 1150 2206 :
1167 2153 1285 2207 Hoc
1300 2173 1464 2212 unum
1482 2159 1588 2206 scio
1606 2192 1622 2219 ,
1648 2157 1792 2223 quod
1813 2155 1945 2206 nihil
1965 2161 2069 2208 scio
2088 2190 2102 2219 ,
2129 2172 2286 2225 quum

146 2237 216 2289 sit
234 2235 449 2289 absurde
467 2237 654 2289 dictum
670 2250 879 2305 ,tamen
898 2235 1159 2309 exprobrat
1179 2225 1327 2289 nobis
1347 2248 1567 2288 nostram
1591 2237 1946 2307 arrogantiam.
1965 2235 2030 2287 Et
2047 2225 2288 2289 Lucretiae

146 2324 337 2373 sactum
359 2358 373 2386 ,
394 2340 552 2391 quum
566 2320 631 2373 sit
644 2321 835 2392 optimo
860 2322 967 2391 jure
989 2320 1279 2373 detestabile
1297 2359 1312 2388 ,
1328 2319 1476 2372 nobis
1491 2332 1662 2371 tamen
1687 2320 2010 2373 commendat
2033 2319 2287 2393 pudicitia

146 2406 375 2457 studium
395 2444 409 2467 ,
436 2416 485 2456 et
513 2405 610 2457 boc
633 2403 885 2459 efficacius
910 2404 1235 2461 mmmendat
1253 2441 1269 2468 ,
1294 2402 1434 2474 quod
1454 2403 1740 2476 exemplum
1756 2403 1822 2455 ab
1846 2402 2048 2463 ethnica
2074 2404 2283 2466 foemina

146 2492 428 2565 profectum
455 2490 534 2549 sit.
559 2489 733 2562 Itaque
752 2490 892 2563 quod
916 2489 981 2543 ad
1008 2509 1175 2543 mores
1202 2490 1406 2551 attinet,
1442 2488 1634 2559 majore
1655 2489 1816 2541 fructu
1839 2488 2034 2561 legetur
2053 2490 2242 2541 Seneca
2267 2527 2282 2553 ,

146 2574 192 2625 si
220 2574 417 2645 legatur
432 2614 446 2639 ‚
470 2587 523 2626 ut
540 2612 555 2639 ‚
586 2571 1015 2644 quemadmodum
1038 2574 1157 2637 fuit,
1180 2591 1426 2645 paganus.
1449 2572 1582 2623 Nam
1607 2584 1653 2624 et
1679 2570 1964 2624 Christiane
1981 2571 2114 2625 dicta
2133 2572 2286 2625 vehe-

144 2658 373 2712 mentius
403 2654 626 2711 afficient
644 2698 658 2722 ,
696 2671 744 2711 et
782 2676 921 2710 secus
954 2657 1082 2710 dicta
1108 2693 1121 2720 2
1148 2657 1319 2709 minus
1356 2656 1557 2709 ledent.
1595 2654 1802 2727 Alioqui
1841 2676 2088 2727 nusquam
2125 2658 2284 2726 magis

146 2744 400 2815 discrepat
426 2762 454 2795 a
489 2741 773 2795 Christiana
800 2740 1113 2813 philosophia
1134 2780 1147 2807 ,
1168 2758 1323 2811 quam
1349 2760 1508 2811 quum
1533 2760 1590 2793 ea
1621 2751 1826 2804 tractat,
1855 2760 1978 2811 qua
1997 2741 2147 2794 nobis
2167 2754 2284 2801 sunt

146 2829 415 2902 precipua.
444 2826 607 2899 Caput
630 2827 767 2879 enim
796 2838 981 2881 nostrae
1002 2825 1263 2897 religionis
1288 2838 1360 2879 est
1377 2861 1392 2890 ,
1427 2844 1574 2877 nosse
1593 2824 1779 2877 Deum.
1801 2829 1870 2877 At
1897 2825 1986 2879 ille
2009 2846 2284 2880 common·-

143 2924 390 2965 straturus
424 2910 569 2963 nobis
600 2910 723 2983 quid
749 2909 813 2963 sit
839 2910 993 2963 deus:
1024 2910 1164 2963 Deus
1187 2945 1201 2972 ,
1235 2908 1434 2981 inquit,
1472 2921 1543 2961 est
1573 2922 1732 2962 totum
1760 2908 1856 2962 hoc
1877 2909 2010 2979 quod
2050 2911 2190 2965 vides
2225 2924 2276 2964 et

143 3017 258 3050 non
281 2995 419 3057 vides
436 3032 453 3061 ‚
482 2995 625 3066 quasi
650 3006 781 3047 totus
802 2995 888 3048 bie
912 2993 1132 3046 mundus
1152 2993 1217 3045 sit
1237 2993 1418 3066 ingens
1440 2994 1660 3057 animal,
1683 2993 1827 3064 cujus
1847 3013 2025 3067 corpus
2039 2994 2102 3046 sit
2123 2996 2282 3047 oculis

142 3080 477 3150 conspicuum
502 3118 517 3143 ‚
539 3078 707 3131 anima
725 3078 897 3141 lateat,
920 3090 967 3130 et
987 3077 1085 3129 hoc
1110 3076 1173 3128 sit
1194 3065 1333 3129 deus.
1363 3076 1480 3127 Jam
1505 3096 1700 3129 unusne
1724 3076 1789 3128 sit
1815 3076 1958 3145 deus,
1989 3096 2056 3129 an
2083 3078 2247 3149 plures
2266 3114 2281 3143 ,

142 3164 471 3220 vehementer
490 3164 706 3235 ambigit
722 3200 737 3227 ‚
762 3176 995 3216 ettamen
1014 3162 1303 3233 frequenter
1323 3161 1471 3213 iterat
1495 3161 1616 3215 deos
1640 3161 1868 3231 deasque-
1891 3162 2084 3217 Rursus
2104 3163 2280 3216 irridet

142 3262 237 3297 eos
254 3283 271 3307 ,
298 3243 387 3314 qui
412 3256 587 3316 putant
612 3245 664 3298 in
688 3244 784 3297 hoc
808 3244 1001 3297 mundo
1027 3240 1159 3295 nihil
1188 3242 1297 3313 geri
1312 3282 1329 3309 ,
1355 3242 1494 3313 quod
1513 3241 1650 3295 hunc
1675 3243 1826 3295 deum
1849 3263 1952 3295 non
1972 3244 2143 3309 sallat,
2167 3264 2279 3317 per-

138 3328 275 3387 inde
309 3328 450 3397 quasi
482 3328 695 3381 culicem
718 3328 899 3381 sentiat
929 3327 1384 3401 elephantuajam
1417 3347 1484 3379 an
1517 3328 1704 3393 anima,
1727 3327 1938 3399 supersit
1978 3328 2179 3401 corpori
2209 3329 2282 3381 sic

139 3408 397 3482 disputat,
424 3410 567 3479 quasi
590 3407 717 3461 nibil
743 3410 923 3473 reserat
938 3449 955 3476 ,
980 3422 1149 3475 utrum
1170 3408 1359 3461 credas.
1383 3406 1614 3471 Alicubi,
1641 3420 1698 3460 ut
1722 3408 1872 3461 refert
1899 3404 2239 3462 Tertullianus
2260 3447 2275 3474 ‚

138 3492 438 3567 pronuntiat
456 3493 629 3545 omnia
650 3491 792 3544 finiri
813 3502 973 3544 morte
991 3531 1007 3556 ,
1033 3491 1185 3545 etiam
1204 3490 1382 3563 ipsam.
1405 3492 1666 3543 Postremo
1685 3490 1878 3559 quoties
1905 3490 2087 3543 incidit
2118 3492 2173 3543 in
2194 3512 2284 3545 sa·-

138 3576 371 3650 pientem
392 3575 540 3628 illum
558 3576 817 3637 Stoicum,
845 3576 929 3628 sic.
940 3593 1058 3629 eum
1075 3574 1266 3632 attollit
1279 3611 1297 3639 ,
1322 3588 1384 3631 ut
1400 3576 1686 3645 frequenter
1703 3574 1802 3627 diis
1818 3588 1982 3646 mquet
1997 3611 2012 3640 ,
2029 3582 2282 3636 nonuun-

138 3680 305 3731 quam
315 3674 365 3712 et
376 3674 659 3734 anteponat.
681 3660 765 3713 Ait
778 3661 1053 3733 sapientem
1072 3661 1358 3723 universam
1385 3661 1674 3715 felicitatem
1694 3680 1836 3714 suam
1852 3660 1950 3715 sibi
1964 3662 2055 3714 uni
2076 3662 2278 3729 debere,

138 3742 245 3797 diis
270 3743 400 3797 nihil
424 3764 551 3815 opus
577 3764 679 3797 esse
694 3784 710 3811 ,
733 3744 891 3805 immo
912 3744 1031 3795 deos
1050 3742 1241 3815 aliquid
1258 3746 1440 3798 debere
1460 3744 1688 3819 sapienti.
1707 3748 1776 3798 At
1800 3745 1956 3817 pietas
1989 3744 2136 3797 nobis
2153 3766 2276 3817 per—

138 3822 335 3891 suasit',
358 3829 509 3881 etiam
535 3829 838 3901 passerculos
860 3842 908 3881 et
939 3828 1044 3879 lilia
1070 3828 1164 3880 deo
1184 3847 1315 3882 cnrae
1349 3848 1452 3882 esse
1473 3868 1488 3895 ,
1511 3841 1617 3881 tum
1642 3829 1907 3880 bominem
1945 3828 2071 3879 nihil
2092 3828 2276 3879 habere

139 3932 203 3963 ea
222 3930 329 3963 sese
338 3910 481 3979 honi,
496 3914 581 3965 sed
602 3932 847 3966 summam
866 3930 969 3966 suae
984 3912 1237 3965 felicitatis
1250 3913 1434 3967 debere
1450 3910 1816 3967 munificentie
1837 3911 2078 3965 numinis.
2095 3914 2287 3980 Quart*

138 4009 257 4049 tum
276 3994 429 4067 igitur
448 3998 739 4071 sitperieuli
753 4036 767 4065 ,
791 3997 833 4051 si
853 3997 938 4052 illa
959 3997 1189 4069 legantur
1208 3996 1350 4051 velut
1367 4018 1396 4051 a
1417 3996 1699 4061 Christiano
1723 3994 1920 4069 prodita
1939 3994 1952 4049 Ξ
1971 4013 1999 4037 ’³
