2667 4475
672 272 1213 343 EPISTOLA
1262 228 1721 341 Lx'xxlx.
2195 300 2263 343 ιι

115 412 288 481 duas
313 425 549 503 partes
581 405 940 491 dividitur,
971 408 1046 476 in
1071 404 1282 475 verba
1311 419 1383 474 et
1407 403 1989 497 significationes,
2024 402 2099 471 id
2135 422 2271 491 est,

116 531 192 595 in
225 550 342 595 res
363 576 383 609 ,
425 548 580 617 quae
619 522 970 608 dicuntur,
1001 536 1074 591 et
1096 520 1459 597 vocabula,
1501 520 1751 612 quibus
1779 519 2125 592 dicuntur.
2163 522 2281 589 In-

121 669 292 738 gens
326 640 581 713 deinde
619 644 930 735 sequitur
963 641 1319 732 utriusque
1360 636 1635 707 divisio.
1686 639 1927 730 Itaque
1960 638 2095 711 hoc
2129 638 2283 707 loco

121 761 338 829 finem
375 758 622 830 faciam
638 808 658 841 ,

408 936 554 953 .....
581 900 650 953 Et
668 915 872 951 summa
889 916 1070 969 sequar
1091 894 1291 969 fastigia
1318 914 1491 949 rerum
1512 898 1557 959 ¹3

121 1020 425 1116 alioqui,
480 1025 536 1091 si
583 1021 866 1091 voluero
907 1022 1134 1090 facere
1155 1018 1471 1114 'partium
1511 1034 1741 1113 partes
1761 1068 1780 1101 ,
1838 1019 2281 1110 quaestionum

121 1139 312 1208 liber
344 1139 490 1207 fiet.

221 1258 428 1336 Haec,
467 1254 726 1335 Lucili,
770 1255 1074 1321 virorum
1109 1251 1363 1345 optime
1380 1254 1435 1335 ²,
1572 1274 1615 1317 o
1658 1251 1881 1317 minus
1924 1248 2113 1343 legas
2142 1272 2283 1321 non

123 1370 484 1456 deterreor,
525 1368 930 1451 dummodo,
974 1364 1316 1461 quidquid
1350 1366 1639 1459 legeris,
1680 1363 1769 1432 ad
1802 1389 2025 1434 mores
2056 1368 2281 1433 statim

125 1487 414 1554 referas.
473 1486 633 1553 Illos
662 1508 1014 1579 compesce
1034 1533 1054 1566 ,
1089 1483 1463 1573 marcentia
1514 1484 1591 1551 in
1644 1498 1717 1550 te
1772 1484 2025 1566 exeita,
2068 1483 2285 1552 soluta

125 1603 561 1697 constringe,
607 1602 1030 1671 contumacia
1066 1599 1298 1682 doma,
1333 1598 1743 1693 cupiditates
1770 1616 1917 1669 tuas
1946 1599 2286 1694 publicas-

129 1742 272 1811 que
293 1770 310 1801 ,
347 1735 678 1811 quantum
705 1733 932 1811 potes,
960 1740 1168 1803 vexa,
1196 1732 1265 1783 et
1291 1716 1438 1785 istis
1466 1716 1858 1795 dicentibus
1886 1742 1901 1783 :
1934 1718 2287 1813 Quousque

2341 1294 2395 1342 ¹7

127 1835 374 1901 eadem
395 1835 434 1899 Ρ
450 1834 788 1927 responde
814 1860 830 1901 ε
863 1861 896 1898 «
921 1837 1066 1927 Ego
1095 1826 1467 1903 debebam³
1487 1832 1715 1901 dicere
1740 1860 1755 1899 ε
1786 1833 2137 1928 Quousque
2162 1856 2287 1899 ea-
2386 1830 2395 1855 ’

127 1950 288 2013 dem
321 1948 679 2038 peccabitis·
707 1949 748 2013 Ρ
781 1946 1112 2016 Remedia
1156 1962 1316 2016 ante
1354 1946 1563 2016 vultis
1585 1998 1606 2032 ,
1647 1972 1848 2041 quam
1888 1948 2058 2015 vitia
2104 1944 2290 2015 desi-

129 2086 302 2131 nere
336 2090 354 2129 ε
391 2086 522 2157 ego
548 2086 714 2132 vero
741 2087 824 2131 eo
855 2064 1069 2154 magis
1097 2062 1320 2133 dicam
1343 2114 1362 2147 ,
1396 2080 1467 2133 et
1485 2114 1503 2147 ,
1536 2067 1699 2157 quia
1728 2066 2060 2133 recusatis
2078 2113 2100 2149 ,
2133 2086 2291 2156 per-

131 2179 490 2248 severabo.
509 2180 711 2250 Tunc
733 2181 978 2274 incipit
999 2178 1341 2250 medicina
1356 2182 1696 2275 proficere
1720 2232 1740 2266 ,
1766 2181 1887 2250 ubi
1906 2183 1982 2250 in
2004 2204 2287 2274 corpore

130 2297 430 2366 alienato
487 2295 793 2366 dolorem
844 2313 1061 2366 tactus
1117 2301 1473 2392 expressit.
1532 2301 1769 2370 Dicam
1818 2291 2022 2367 etiani
2060 2299 2290 2365 invitis

2343 1980 2403 2033 18

131 2414 523 2506 profutura.
567 2413 958 2506 Aliquando
993 2413 1224 2507 aliqua
1258 2415 1347 2483 ad
1382 2439 1505 2483 vos
1540 2440 1677 2483 non
1716 2415 1969 2482 blanda
2000 2439 2130 2482 vox
2160 2437 2291 2481 ve-
2368 2431 2373 2441 “

133 2534 312 2617 niat3
357 2548 473 2618 et,
517 2533 680 2624 quia
717 2555 956 2600 verum
993 2531 1249 2627 singuli
1284 2532 1525 2601 audire
1561 2557 1702 2601 non
1736 2533 1976 2613 vultis,
2015 2530 2293 2624 publice

131 2644 392 2715 audite.
421 2645 810 2738 Quousque
837 2645 1010 2712 fines
1037 2642 1567 2738 possessionum⁴
1597 2645 2295 2740 propagabitisi‘ager

135 2761 252 2828 uni
284 2759 592 2846 dominc,
626 2761 744 2853 qui
775 2759 1102 2855 populum
1127 2751 1376 2855 cepit⁵,
1412 2774 1739 2856 angustus
1764 2774 1890 2828 est.
1916 2760 2293 2852 Quousque

131 2879 479 2946 amtiones
529 2892 789 2947 vestras
841 2879 1246 2971 porrigetis,
1291 2901 1380 2946 ne
1417 2877 1921 2972 provinciarum
1967 2868 1993 2912 ⁶
2012 2875 2291 2970 quidem

132 2997 397 3063 satione
435 2996 738 3064 contenti
773 2996 1341 3064 circumscribere
1376 2995 1791 3088 praediorum
1834 2992 2159 3063 modum?
2194 2995 2291 3065 Il-

133 3211 208 3262 ed.
231 3210 310 3262 R.
330 3211 466 3264 lude
475 3211 658 3282 dg'ffisa
675 3210 755 3263 ed.
769 3209 854 3261 Er.
872 3207 1067 3264 Divisa
1087 3211 1168 3263 ed.
1333 3211 1384 3275 4.
1419 3207 1709 3279 Quousque
1725 3211 1865 3279 fines
1888 3214 2293 3277 possessionum.

131 3289 265 3342 Mur.
293 3302 344 3342 et
364 3309 474 3360 sqq.
494 3289 656 3343 δάιον.
1269 3289 1513 3361 Spectant
1550 3289 1659 3342 haec
1681 3289 1747 3342 ad
1772 3289 2157 3342 latifundiorum
2180 3311 2297 3364 pos-

199 3388 244 3419 ι.
273 3366 502 3419 Rerum.
519 3365 908 3420 Hemistiehium
931 3379 1002 3419 est
1020 3367 1167 3439 Virg-
1266 3367 1541 3431 sessiones,
1566 3387 1685 3437 quoe
1718 3386 1865 3421 causa
1904 3367 2154 3440 precipua
2174 3368 2297 3422 nei-

131 3447 260 3498 AEu.
284 3447 312 3498 1
330 3484 347 3505 ,
372 3445 490 3512 342.
513 3445 695 3500 Ruhk.
1266 3446 1406 3519 publ.
1428 3445 1701 3498 laborantis
1732 3458 1875 3498 erant
1898 3466 1912 3500 ι
1935 3447 1997 3499 dc
2024 3446 2209 3520 quibus
2231 3450 2296 3499 cf.

195 3545 246 3575 2.
269 3522 442 3587 Hoec,
479 3521 678 3589 Lucili,
707 3525 940 3576 virorum
957 3526 1166 3594 optime.
1269 3523 1449 3577 Sencc.
1461 3522 1524 3576 de
1542 3523 1663 3576 vita
1675 3523 1816 3577 Beat.
1832 3545 1875 3576 c.
1892 3542 1969 3592 17,
1988 3524 2035 3577 3.
2052 3525 2297 3596 Ep.cx1v.

133 3602 290 3654 Meus
332 3600 528 3671 aliique
565 3601 736 3674 scripti
779 3601 863 3654 hic
901 3601 1171 3656 ordiuntur
1269 3603 1320 3655 6.
1355 3623 1399 3672 7.
1424 3603 1606 3657 Horat.
1630 3603 1799 3656 Carm.
1822 3603 1876 3669 1,
1908 3623 1951 3668 ι,
1981 3623 2031 3675 9,
2054 3616 2105 3655 et
2128 3623 2185 3656 ιο
2204 3603 2298 3657 ubi

135 3699 330 3730 novam
371 3679 638 3752 epistolam
659 3698 855 3752 :neque
885 3681 973 3732 abs
1007 3701 1062 3732 re
1099 3681 1172 3731 vi·
1267 3681 1379 3733 vid.
1400 3679 1763 3734 Mitseherlicli.
1786 3681 1967 3734 Ruhlc.

137 3754 300 3806 detur.
334 3757 483 3825 Lv'ps.
501 3783 574 3796 -
598 3759 668 3807 At
689 3756 865 3809 saltem
894 3777 1000 3809 non
1026 3758 1168 3809 nulla
1335 3762 1383 3812 5.
1428 3759 1538 3830 Qui
1563 3761 1821 3826 populum
1837 3762 1983 3829 cepit.
2002 3759 2063 3811 In
2086 3779 2187 3829 quo
2205 3779 2297 3834 po·-

141 3833 311 3886 ‹leesse
337 3835 487 3886 facile
517 3833 840 3888 crediderim.
1269 3839 1421 3908 polus
1440 3838 1819 3890 continebatur.

207 3909 253 3961 3.
293 3912 584 3966 Debebam.
633 3912 822 3985 Scripsi
859 3935 976 3966 cum
1012 3917 1080 3967 Λ.
1131 3933 1170 3968 c.
1336 3917 1387 3968 6.
1424 3915 1508 3968 Ne
1530 3920 1916 3985 prom'ncae‘amm
1952 3919 2182 3987 quidem.
2214 3917 2297 3970 En

147 3989 253 4040 Pal.
289 4011 334 4042 2.
371 4008 422 4046 et
452 3994 569 4047 Col.
593 3993 772 4065 Vulgo
791 3997 972 4056 debeo.
999 4015 1056 4047 ex
1087 3995 1164 4045 ed.
1267 3993 1350 4046 vix
1391 3995 1641 4048 credenda
1681 3995 1983 4058 latifundia,
2024 4009 2073 4047 et
2106 3995 2186 4046 his
2212 4014 2297 4048 se-

155 4065 219 4116 R-
245 4068 398 4124 Schw.
1158 4149 1164 4156 Ι
1268 4075 1639 4145 quentibusque
1654 4077 1819 4130 lucem
1832 4115 1850 4140 ,
1870 4089 1957 4130 aut
1971 4075 2125 4129 fidem
2142 4077 2299 4130 ctiam

2350 3039 2415 3088 ¹9
