2667 4475
896 345 1484 416 EPISTOLAE.
2097 351 2228 448 477

20 516 23 541 ι
106 483 403 561 offensa,
434 502 561 548 nec
586 475 849 556 oberit,
879 477 933 542 si
972 477 1545 568 perseveraverit,
1579 491 1800 568 neque
1835 478 1893 543 si
1931 499 2068 548 non
2092 483 2182 550 sit
2200 532 2220 566 ,

18 624 29 661 ε
102 592 435 687 proderit.
468 593 539 661 Si
568 605 671 658 est
694 589 972 679 regina,
1004 611 1141 658 non
1168 587 1674 682 indignabimr3
1707 589 1766 657 si
1801 589 2048 661 mulier
2069 610 2172 663 est
2196 645 2221 681 ‚

20 746 25 777 f
104 707 515 778 offendetur.
550 706 735 772 Bene
758 701 933 770 vale.

621 877 742 938 IX.
792 898 1069 940 sennes
1112 900 1342 939 »Auno
1386 899 1727 940 suu-rna.

18 1122 27 1133 ‚
200 1039 356 1106 Scio
394 1052 463 1104 te
493 1058 635 1104 non
668 1049 805 1102 tam
840 1035 943 1101 tui
971 1057 1172 1103 causa
1199 1048 1604 1102 commotum
1631 1034 1876 1104 litteris
1893 1079 1913 1120 ,
1947 1061 2118 1128 quas
2137 1039 2228 1108 ad

18 1210 27 1249 ἱ
100 1169 173 1220 te
212 1151 299 1220 de
324 1149 625 1220 editione
651 1148 1087 1243 epistolarum
1115 1165 1384 1216 tuarum
1410 1150 1656 1218 Caesari
1683 1150 1854 1234 feci,
1886 1177 2084 1244 quam
2113 1177 2236 1224 na-

18 1326 26 1353 .,
104 1285 261 1336 tura
292 1291 519 1335 rerum
539 1315 562 1351 ,
610 1289 761 1358 quae
800 1267 893 1332 ita
930 1279 1189 1334 mentes
1226 1264 1578 1334 hominum
1607 1263 1696 1332 ab
1729 1268 2040 1337 omnibus
2073 1272 2237 1338 arti-

102 1383 237 1452 bus
268 1398 337 1451 et
372 1381 674 1451 moribus
716 1382 919 1450 rectis
961 1396 1271 1462 revocat,
1324 1396 1403 1448 ut
1448 1404 1588 1449 non
1620 1379 1825 1449 hodie
1873 1381 2169 1452 admirer
2209 1412 2228 1452 ε

18 1562 25 1589 ‚
104 1501 365 1593 quippe
392 1514 469 1566 ut
494 1500 590 1582 is,
626 1498 747 1590 qui
776 1497 1005 1565 multis
1036 1497 1460 1568 documentis
1497 1497 1630 1566 hoc
1645 1497 1790 1589 jam
1813 1499 2234 1570 notissimum

18 1590 26 1699 ζ
100 1615 421 1683 habeam.
452 1615 674 1708 Igitur
698 1637 870 1681 nove
891 1635 1211 1705 agamns3
1240 1611 1486 1704 siquid
1511 1614 1707 1683 facile
1729 1616 1804 1682 in
1829 1618 2238 1709 praeteritum

20 1706 23 1715 ⁸
90 1732 245 1824 jam
286 1731 533 1799 factum
574 1743 678 1798 est
704 1779 723 1817 ,
768 1730 1036 1798 veniam
1078 1729 1441 1822 irrogabis.
1491 1729 1652 1798 Misi
1694 1730 1820 1800 tibi
1865 1730 2117 1812 librum
2153 1734 2240 1802 de

20 1912 23 1947 ἰ
104 1845 477 1916 verborum
512 1846 734 1938 copia.
762 1844 928 1914 Vale
950 1893 969 1926 ,
1006 1843 1215 1912 Paule
1256 1844 1628 1912 carissime.

606 2016 685 2080 X.
734 2037 1007 2079 numus
1050 2037 1348 2077 sennem
1389 2039 1735 2080 saturnu.

210 2176 500 2271 Quoties
532 2175 663 2243 tibi
708 2175 933 2244 scribo
950 2225 977 2264 ‚
1019 2191 1089 2245 et
1122 2201 1372 2247 nomen
1407 2203 1634 2249 meum
1675 2181 1802 2249 tibi
1846 2181 2196 2251 subscribo
2216 2233 2236 2266 ‚

20 2275 22 2282 ζ
112 2315 393 2389 gravem
436 2308 509 2359 et
548 2308 747 2361 sectae
788 2316 953 2361 meae
996 2294 1559 2387 incongruentem
1596 2319 1740 2363 rem
1775 2296 1974 2363 facio.
2013 2295 2245 2365 Debeo

106 2412 303 2479 enim
323 2458 342 2491 ,
381 2423 459 2475 ut
488 2431 660 2501 saepe
689 2408 1031 2501 professus
1064 2430 1246 2491 sum,
1278 2432 1436 2477 cum
1467 2409 1780 2479 omnibns
1806 2412 2030 2479 omnia
2061 2434 2244 2495 esse,

107 2542 185 2595 et
219 2524 403 2593 idem
438 2523 799 2593 observare
834 2526 909 2592 in
943 2539 1123 2592 tuam
1150 2547 1510 2617 personam
1531 2573 1550 2607 ,
1590 2523 1776 2617 quod
1809 2524 1914 2593 lex
1946 2528 2247 2595 Romana

105 2640 363 2709 honori
404 2654 673 2709 senatus
708 2640 1068 2723 concessit,
1101 2640 1401 2734 perlecta
1432 2640 1748 2732 epistola,
1791 2640 2102 2711 ultimum
2139 2644 2249 2710 lo-

107 2780 276 2823 cum
304 2754 562 2848 eligere
575 2805 598 2843 ‚
628 2778 718 2823 ne
741 2779 896 2825 cum
919 2756 1155 2849 aporia
1180 2771 1251 2824 et
1275 2753 1612 2825 dedecore
1637 2758 1905 2852 cupiam
1931 2758 2208 2826 efficere
2225 2808 2244 2841 ,

108 2868 311 2962 quod
330 2870 465 2939 mei
487 2870 756 2939 arbitrii
782 2870 1015 2938 fi1erit.
1040 2871 1234 2957 Vale,
1264 2869 1690 2940 devotissime
1713 2874 2058 2965 magister.
2080 2874 2250 2943 Data

104 3010 183 3053 v.
226 2985 376 3054 Cal.
412 2985 575 3053 Julii
593 3036 615 3070 ,
646 2988 918 3057 Nerone
948 2987 1105 3055 ΙΠῙ.
1150 3002 1220 3056 et
1252 2986 1539 3056 Messala
1571 2984 2001 3057 Consulibus.

633 3181 756 3242 XI.
804 3203 1076 3243 amnica
1119 3202 1346 3242 ranno
1387 3204 1736 3249 saturnu.

220 3343 371 3414 Ave
388 3394 413 3431 ‚
460 3348 552 3415 mi
577 3346 791 3433 Paule
821 3348 1193 3417 carissime.
1232 3349 1438 3416 Putas
1471 3372 1578 3415 me
1616 3347 1800 3416 haud
1825 3350 2248 3433 contristari,

104 3479 189 3532 et
210 3486 355 3530 non
378 3460 755 3559 luctuosum
780 3486 951 3551 esse,
980 3461 1171 3556 quod
1195 3464 1282 3533 de
1306 3464 1694 3545 innocentia
1718 3480 1938 3535 vestra
1964 3466 2254 3537 subinde

104 3589 487 3645 sumuntur
530 3575 885 3669 supplicia.
937 3576 1205 3645 Dehinc
1259 3576 1447 3670 quod
1487 3592 1624 3645 tam
1678 3576 1883 3647 duros
1902 3630 1924 3665 ‚
1983 3596 2254 3672 tamque

104 3692 453 3761 obnoxios
480 3714 597 3760 vos
621 3708 815 3761 reatu
842 3692 1061 3759 omnis
1084 3693 1377 3785 populus
1394 3693 1660 3787 judicet
1676 3743 1699 3779 ‚
1737 3711 1983 3787 putans
2001 3720 2044 3767 a
2064 3697 2258 3767 vobis

106 3810 351 3895 effici,
382 3808 711 3903 quiequid
736 3810 809 3877 in
834 3808 1007 3877 urbe
1032 3811 1446 3879 contrarium
1469 3810 1570 3878 fit.
1597 3810 1733 3880 Sed
1753 3810 2042 3881 feramus
2063 3836 2258 3904 aequo

104 3928 393 4013 animo,
430 3943 501 3995 et
521 3942 796 3997 >utamur
822 3926 1007 4013 soro,
1042 3925 1400 4028 quod=sors
1423 3929 1794 4014 concessit,
1837 3928 2054 3997 donec
2080 3929 2256 3997 invi-

106 4062 238 4117 cta
272 4044 559 4117 felicitas
586 4046 791 4115 finem
822 4042 1015 4113 malis
1040 4045 1360 4141 imponat.
1390 4043 1584 4115 Tulit
1605 4060 1676 4113 et
1698 4045 2072 4139 priscorum
2097 4060 2261 4114 aetas
