2667 4475
372 274 493 336 180
926 270 1003 333 L.
1058 262 1412 331 ANNAEI
1459 262 1892 332 SENECAE

360 396 838 490 promittimus.
866 397 1045 487 Ergo
1079 391 1227 461 laus
1252 393 1456 460 etiam
1483 397 1500 426 ¹
1543 393 1730 459 taciti
1765 408 1870 461 est
1907 393 2085 462 bene
2117 395 2514 481 sentientis,

358 539 439 582 ac
464 513 717 582 bonum
752 512 975 580 virum
1010 508 1195 604 apud
1228 532 1299 577 se
1333 507 1698 577 laudantis.
1741 507 2045 597 Deinde,
2085 526 2164 579 ut
2193 511 2382 594 dixi,
2427 510 2522 580 ad

358 632 661 698 animum
706 627 999 695 refertur
1051 625 1197 695 laus
1217 676 1237 709 ,
1288 649 1427 693 non
1479 626 1568 693 ad
1615 626 1824 695 verba
1853 678 1872 711 ‚
1917 652 2069 721 quae
2113 646 2520 723 conceptam

363 745 629 814 laudem
666 758 999 837 egerunt,
1038 758 1110 810 et
1144 742 1219 809 in
1256 742 1568 809 notitiam
1599 742 1898 835 plurium
1943 746 2286 813 emittunt.
2323 748 2526 813 Lau-

363 863 481 932 dat
502 914 523 947 ‚
568 863 689 955 qui
738 859 1145 931 laudandum
1188 882 1340 926 esse
1370 856 1662 950 judicat.
1703 858 1937 951 Quum
1977 862 2312 955 Tragicus
2345 866 2376 895 ²
2397 861 2522 929 ille

364 977 551 1071 apud
576 1000 701 1045 nos
726 978 820 1045 ait
836 1025 855 1059 ,
898 1002 931 1039 «
958 975 1402 1069 Magnificum
1431 998 1579 1043 esse
1607 973 1868 1044 laudari
1897 999 1938 1044 a
1962 975 2237 1046 laudato
2263 978 2416 1045 viro
2443 1004 2514 1063 ς»

364 1094 563 1163 laude
590 1092 800 1187 digno
819 1141 844 1177 ,
885 1092 1005 1160 ait.
1044 1095 1128 1161 Et
1156 1115 1368 1183 quum
1399 1115 1594 1184 aeque
1623 1093 1948 1185 antiquus
1985 1087 2190 1161 Poeta
2211 1084 2237 1128 ³
2271 1094 2371 1161 ait
2393 1144 2412 1175 ,

832 1270 1046 1288 .......
1076 1233 1210 1287 Laus
1228 1233 1318 1286 alit
1343 1244 1505 1298 anes·⁹

364 1382 501 1426 non
537 1354 993 1424 laudationem
1027 1353 1195 1423 dicit
1217 1404 1234 1435 ,
1270 1376 1422 1445 quae
1454 1340 1830 1448 corrumpit
1857 1372 2036 1424 artes
2064 1380 2079 1422 t
2109 1354 2288 1425 nihil
2331 1360 2520 1423 enim

362 1498 559 1567 aeque
588 1490 659 1542 et
686 1472 1143 1566 eloquentiam
1166 1522 1185 1553 ,
1218 1486 1286 1539 et
1312 1494 1514 1544 omne
1542 1470 1732 1539 aliud
1761 1472 2060 1541 studium
2089 1473 2379 1542 auribus
2407 1473 2524 1541 de-

364 1592 581 1659 ditum
629 1592 939 1671 vitiavit,
998 1613 1199 1681 quam
1246 1588 1597 1680 popularis
1643 1590 1966 1657 assensio.
2015 1590 2226 1657 Fama
2281 1615 2522 1659 vocem

363 1708 603 1797 utique
641 1702 1018 1787 desiderat,
1064 1702 1335 1768 claritas
1373 1712 1553 1787 non3
1593 1716 1817 1795 potest
1848 1705 2029 1771 enim
2067 1706 2243 1771 citra
2281 1728 2524 1773 vocem

359 1825 794 1914 contingere,
840 1834 1155 1887 contenta
1182 1815 1449 1909 judicio
1485 1846 1502 1885 ε
1535 1820 1743 1913 plena
1769 1838 1907 1907 est,
1947 1842 2084 1889 non
2114 1837 2382 1891 tantum
2412 1826 2523 1890 in-

257 1951 312 1999 ι8
365 1956 467 2005 ter
505 1951 835 2019 tacentes,
874 1931 995 2001 sed
1026 1935 1231 2001 etiam
1273 1934 1454 2001 inter
1497 1934 1964 2005 reclamantes.
2007 1936 2202 2030 Quid
2239 1942 2518 2008 intersit

366 2055 547 2121 inter
580 2050 953 2119 claritatem
988 2063 1055 2116 et
1084 2048 1406 2141 gloriam,
1449 2046 1696 2117 dicam.
1733 2046 1972 2119 Gloria
2008 2054 2382 2122 multorum
2404 2054 2520 2147 ju-

366 2167 565 2234 diciis
600 2180 901 2248 constat,
943 2163 1214 2231 claritas
1249 2162 1607 2232 bonorum.

472 2283 742 2375 «Cujus
762 2332 780 2363 ‚
812 2281 1038 2373 inquit
1059 2275 1117 2367 ⁴,
1144 2279 1398 2348 bonum
1427 2297 1530 2350 est
1551 2282 1822 2352 claritas
1843 2335 1862 2366 ‚
1897 2285 1970 2353 id
1997 2303 2102 2356 est
2123 2339 2145 2370 ,
2177 2289 2326 2356 laus
2345 2289 2522 2356 bono

368 2427 407 2468 a
427 2401 630 2470 bonis
652 2398 919 2467 reddita
936 2399 967 2465 Ρ
984 2413 1213 2464 utrum
1243 2396 1500 2466 laudati
1523 2449 1542 2478 ,
1575 2422 1665 2466 an
1688 2399 2026 2472 laudantis
2051 2405 2082 2472 Ρ
2104 2431 2138 2468 n
2163 2407 2522 2474 —Utrius·

372 2541 558 2607 que-1
592 2537 815 2583 meum
838 2563 859 2594 ,
893 2514 1011 2606 qui
1044 2505 1329 2580 laudor⁵
1360 2541 1379 2599 3
1415 2514 1578 2605 quia
1603 2530 1848 2584 natura
1883 2543 1990 2586 me
2015 2535 2357 2587 amantem
2385 2545 2521 2587 om-

374 2633 561 2698 nium
601 2629 872 2722 genuit,
914 2644 983 2694 et
1016 2625 1193 2693 bene
1235 2626 1476 2694 fecisse
1515 2627 1779 2721 gaudeo
1805 2680 1828 2716 ,
1889 2647 1956 2700 et
1999 2648 2228 2726 gratos
2267 2657 2378 2701 me
2413 2635 2524 2700 in-

378 2747 643 2812 venisse
662 2745 985 2812 virtutum
1013 2743 1428 2835 interpretes
1467 2736 1684 2812 laetor.
1737 2750 1885 2815 Hoc
1926 2748 2228 2841 plurium
2273 2749 2520 2818 bonum

286 2871 295 2890 ⁶
376 2876 514 2940 cst,
554 2857 741 2952 quod
768 2860 943 2952 grati
970 2874 1165 2944 sunt3
1200 2858 1319 2926 sed
1343 2873 1418 2926 et
1447 2883 1698 2930 meum.
1733 2865 1834 2930 Ita
1871 2866 2055 2934 enim
2085 2869 2313 2934 animo
2345 2889 2526 2934 com-

380 2976 638 3068 positus
674 2998 862 3056 sum,
901 2989 980 3040 ut
1016 2973 1307 3042 aliorum
1354 2973 1611 3043 bonum
1647 3000 1870 3046 meum
1893 2979 2249 3073 judicem3
2289 2983 2520 3074 utique

382 3253 671 3309 synonyma
711 3234 867 3286 fuere.
900 3232 1051 3305 Apud
1086 3229 1198 3284 Liv.
1231 3233 1359 3285 V111
1387 3271 1402 3296 ,
1506 3235 1665 3312 Epist.
1704 3239 1770 3292 ad
1802 3240 1923 3295 niv.
1947 3243 2017 3308 V,
2049 3263 2106 3295 η
2141 3265 2220 3296 ur.
2249 3249 2312 3300 25
2325 3283 2344 3310 ,
2379 3247 2456 3312 15,
2475 3246 2522 3298 G.

381 3313 467 3378 40,
480 3314 666 3365 laudes
660 3311 1046 3382 funebrespccu
1052 3321 1209 3362 frunt.
1226 3307 1407 3366 Ratae.
1571 3320 1618 3370 3.
1636 3317 1824 3389 AEque
1839 3326 2089 3390 anle‘quus
2095 3334 2272 3390 poeta,
2285 3324 2400 3394 quis
2415 3325 2520 3376 fue-

452 3411 495 3442 1.
518 3389 664 3460 Ergo
680 3393 803 3442 laus
826 3393 1039 3442 etiam...
1058 3391 1343 3440 sentientis.
1362 3389 1406 3440 1.
1504 3393 1570 3444 rit
1583 3431 1600 3456 ,
1621 3414 1732 3447 non
1755 3409 1963 3450 constat.
1981 3397 2166 3449 Ruhk.

378 3471 518 3538 Ergo
536 3467 620 3520 illc
640 3467 789 3519 ctiam
810 3466 897 3536 qui
916 3467 1092 3518 tacitns
1108 3465 1239 3518 benc
1254 3467 1409 3518 sentit
1569 3471 1615 3536 4,
1643 3475 1804 3542 Cujus
1817 3514 1832 3536 ,
1850 3479 2072 3545 inquit...
2092 3475 2384 3550 Utriusque
2397 3517 2414 3546 ,
2437 3491 2521 3532 etc.

382 3547 447 3598 de
470 3546 580 3598 viro
602 3545 769 3608 bono,
798 3543 873 3596 illi
894 3544 1067 3596 landes
1092 3543 1192 3596 dat.
1505 3549 1638 3601 Nam
1657 3549 1852 3603 bonnm
1873 3573 2026 3606 omne
2049 3554 2102 3606 id
2123 3568 2227 3620 est,
2253 3557 2394 3628 qnod
2413 3577 2520 3630 prc-

447 3649 491 3682 2.
506 3626 687 3698 Quum
701 3627 928 3691 tragicus
944 3626 1052 3684 me,
1070 3635 1159 3674 etc.
1178 3621 1274 3676 Cn.
1289 3625 1406 3676 Nae·
1507 3629 1618 3682 dest
1635 3669 1650 3698 ,
1677 3649 1772 3684 nec
1796 3630 1858 3683 ab
1887 3631 2102 3685 utilitate
2129 3633 2280 3688 distat
2293 3673 2310 3700 ,
2333 3657 2378 3690 s.
2391 3635 2520 3707 quod

380 3706 555 3771 vium,
594 3703 683 3774 qui
724 3715 949 3774 tempore
992 3698 1249 3772 5ῦῖΡῖοὓἶῦ
1287 3701 1408 3772 ῐῦἓί·
1507 3730 1702 3784 semper
1726 3723 1777 3764 ct
1794 3711 1902 3766 sinc
1925 3714 2206 3767 mutatione
2225 3715 2309 3780 iis,
2333 3717 2522 3787 quira-
2631 3757 2633 3774 ι

379 3783 506 3836 vixit
544 3783 748 3845 Roma,
791 3777 969 3852 respici
1015 3788 1152 3848 putat
1198 3777 1411 3850 Lipsius·
1509 3789 1646 3842 tione
1671 3790 1864 3862 praediti
1877 3791 2227 3866 suntprodcst.
2250 3791 2522 3846 Cf-Tiede·
2631 3785 2633 3806 ⁸

378 3858 664 3932 Tragoediis
715 3869 767 3910 et
816 3854 1099 3908 Comoediis
1132 3853 1414 3908 scribendis
1509 3885 1664 3919 mam,
1689 3867 1897 3938 ,ς’-γαίῃ,
1923 3869 2001 3928 11⁹
2027 3891 2076 3941 p,
2099 3870 2164 3924 35
2189 3891 2296 3942 ,qq
2319 3871 2494 3924 ΜΗ,

377 3941 515 3996 bello
546 3939 735 4014 punico
768 3937 796 3988 1
838 3935 1033 3989 celeber
1070 3933 1179 3986 fuit.
1220 3935 1414 3987 Laudat
1577 3950 1624 3999 5,
1653 3948 1864 4016 Meum,
1896 3953 1992 4017 qm·
2024 3950 2232 4002 [ΜΨ.
2267 3950 2366 4003 11η,
2385 3947 2521 4020 (ἰωή

380 4019 489 4073 haec
520 4038 551 4071 a
586 4021 781 4073 Seneca
814 4015 1031 4072 adducta
1056 4015 1205 4070 etiam
1235 4014 1413 4068 Cicero
1511 4025 1744 4097 scriptum
1771 4032 2078 4090 «ὥρμηκε,
2103 4031 2200 4098 qm·
2213 4029 2418 4082 laudor,
