2667 4475
701 255 1237 417 EylsTbLA
1286 304 1582 377 CXXI.
2113 312 2242 379 333

100 428 177 511 in
218 462 355 533 quo
390 439 692 508 nascitur
722 487 741 521 ,
791 437 1162 532 secuudum
1214 454 1526 507 naturam
1565 452 1694 507 est.
1729 434 2034 506 Primum
2051 443 2068 473 ¹
2113 440 2248 507 sibi

106 555 237 648 ipsi
259 551 662 621 conciliatur
678 551 971 638 anima13
1002 550 1207 621 debet
1232 552 1416 620 enim
1441 549 1708 644 aliquid
1733 574 1880 619 esse
1900 600 1920 634 ,
1948 550 2037 619 ad
2065 550 2250 644 quod

102 669 239 737 alia
274 667 685 737 referantur.
729 668 1156 761 Voluptatem
1189 680 1348 760 peto
1390 694 1403 733 :
1451 668 1562 735 cui
1594 669 1624 736 i>
1657 664 1868 736 mihi!
1915 666 2083 760 e'rgo
2111 670 2248 737 mei

106 808 342 853 curam
379 807 535 878 ago.
582 781 903 851 Dolorem
942 782 1211 875 refugio
1256 809 1271 849 ε
1321 806 1446 877 pro
1485 786 1683 876 quo?
1727 808 1854 877 pro
1889 780 2040 852 me!
2083 808 2251 877 ergo

106 902 239 969 mei
268 924 497 969 curam
524 922 681 993 ago.
714 899 787 968 Si
825 900 1051 967 omnia
1085 915 1366 993 propter
1404 923 1638 968 curam
1670 900 1804 968 mei
1839 898 2012 968 facio
2037 951 2055 983 ‚
2087 915 2250 968 ante

104 1020 334 1087 omnia
367 1031 471 1085 est
508 1017 641 1086 mei
678 1040 868 1085 cura.
921 1019 1083 1085 Haec
1116 1015 1524 1085 animalibus
1559 1020 1737 1091 inest
1767 1020 2030 1086 cunetis
2063 1046 2082 1105 3
2119 1041 2250 1087 nec

102 1136 437 1204 inseri-tur
456 1139 513 1217 ²,
558 1123 681 1202 sed
716 1134 1117 1203 innascitur.
1156 1132 1485 1203 Producit
1518 1133 1718 1203 foetus
1761 1158 1915 1203 suos
1953 1151 2192 1203 natura
2222 1186 2242 1218 ‚

102 1276 246 1320 non
274 1250 555 1343 abjicit3
596 1262 666 1318 et
690 1299 709 1333 ,
750 1252 915 1343 quia
950 1250 1171 1318 tutela
1212 1250 1590 1319 certissima
1627 1274 1708 1319 ex
1753 1252 2057 1343 proximo
2090 1266 2194 1319 est
2221 1300 2244 1334 ,

102 1368 237 1435 sibi
275 1368 565 1461 quisque
600 1367 993 1435 commissus
1029 1382 1155 1436 eat.
1199 1368 1440 1458 Itaque
1461 1417 1482 1449 ,
1514 1383 1592 1436 ut
1625 1368 1972 1462 prioribus
1997 1368 2252 1461 episto-

104 1480 187 1549 lis
208 1476 235 1515 ⁵
286 1478 427 1548 dixi
455 1530 479 1567 ,
536 1496 769 1550 tenera
814 1504 1086 1572 quoque
1130 1480 1448 1549 animalia
1471 1530 1490 1564 ,
1535 1504 1618 1549 ex
1651 1496 1960 1550 materno
1997 1496 2196 1549 utero
2226 1530 2246 1565 ,

102 1594 210 1662 vel
251 1618 523 1686 quoquo
560 1592 764 1663 modo
789 1642 813 1679 ,
851 1594 1065 1661 effusa
1096 1643 1119 1679 ,
1164 1592 1332 1685 quid
1369 1595 1458 1662 sit
1489 1594 1810 1664 infestum
1843 1595 2008 1689 ipsis
2035 1596 2266 1689 proti-·

99 1736 235 1779 nus
256 1726 532 1791 norunt,
552 1725 622 1779 et
644 1710 999 1779 mortifera
1024 1709 1360 1797 devitant3
1391 1711 1700 1781 umbram
1729 1734 2004 1805 quoque
2031 1728 2254 1780 trans-

100 1825 477 1894 volantium
514 1823 967 1893 reformidant
1002 1825 1293 1894 obnoxia
1323 1828 1566 1897 avibus
1601 1844 1795 1922 rapto
1831 1829 2247 1897 viventibus.

100 1940 381 2009 Nullum
419 1940 672 2009 animal
706 1940 797 2010 ad
830 1942 1036 2010 vitam
1069 1940 1304 2035 prodit
1339 1945 1486 2013 sine
1530 1960 1713 2013 metu
1747 1946 2008 2014 mortis·

203 2055 799 2150 Quemadmodum
820 2107 843 2142 ,
894 2058 1120 2149 inquit
1141 2051 1199 2144 ⁴,
1247 2058 1504 2127 editum
1536 2059 1790 2129 animal
1837 2058 2258 2127 intellectum

98 2170 370 2240 habere
389 2220 415 2254 ‚
451 2188 570 2241 aut
590 2171 909 2243 salutaris
925 2222 949 2255 ‚
978 2189 1096 2242 aut
1118 2174 1482 2244 mortiferae
1509 2178 1614 2244 rei
1637 2224 1660 2259 ,
1692 2189 1914 2269 potest
1939 2177 1968 2243 Ρ
1989 2177 2262 2244 —Pri-

100 2310 293 2354 mum
332 2288 666 2379 quaeritur
689 2337 713 2374 ,
746 2312 837 2356 an
870 2287 1244 2382 intelligat,
1286 2313 1430 2358 non
1466 2286 2032 2381 quemadmodum
2061 2289 2264 2357 intel-

100 2401 303 2496 ligat.
348 2405 513 2470 Esse
548 2417 773 2470 autem
804 2403 939 2471 illis
969 2403 1391 2472 intellectum
1417 2455 1435 2486 ,
1469 2427 1552 2471 ex
1581 2428 1662 2472 eo
1696 2419 1981 2497 apparet
2017 2453 2036 2485 ‚
2078 2403 2264 2494 quod

100 2517 289 2586 nihil
327 2518 619 2613 amplius
642 2567 662 2602 ,
709 2521 769 2588 ai
798 2519 1258 2588 intellexerint
1284 2571 1303 2602 ,
1349 2521 1628 2588 faciant.
1655 2518 1849 2612 Quid
1878 2535 2018 2605 eat,
2052 2542 2265 2610 quare

104 2658 447 2728 pavonem
482 2684 502 2719 ,
561 2659 775 2727 quare
831 2660 1138 2708 anserem
1181 2636 1436 2730 gallina
1481 2660 1623 2704 non
1663 2636 1960 2730 refugiat
1989 2686 2008 2719 ‚
2054 2660 2265 2728 quum

101 2768 297 2820 tanto
335 2753 711 2837 minorem„
748 2766 817 2821 et
852 2776 939 2820 ne
965 2768 1197 2821 notum
1238 2752 1520 2846 quidem
1545 2752 1672 2820 sibi
1697 2802 1718 2837 ,
1755 2747 1780 2789 ⁵
1809 2754 2206 2845 accipitrem
2235 2753 2266 2820 P

97 2891 325 2959 quare
363 2867 537 2960 pulli
578 2867 779 2935 felem
820 2863 1178 2952 timeant⁶,
1222 2893 1459 2938 canem
1495 2893 1634 2938 non
1667 2870 2006 2937 timeant?
2038 2869 2266 2964 Appa-

172 3102 189 3132 ι
205 3119 220 3132 .
240 3081 547 3133 Primum...
564 3077 1137 3142 animal-scamma,
1306 3078 1354 3143 4.
1380 3078 1868 3150 Quemadmodum,
1898 3079 2080 3146 inquit.
2111 3077 2271 3130 Aliud

93 3172 154 3213 nt
172 3180 229 3212 se
255 3170 477 3211 tueatur:
494 3178 554 3212 eo
568 3158 741 3210 omnia
764 3155 863 3209 alia
876 3156 1141 3210 reserenda
1240 3155 1606 3229 Epicureorum
1617 3167 1972 3227 argumentum
1984 3155 2266 3228 repellitur,

94 3249 237 3290 sunt.
258 3235 351 3288 Sic
368 3233 678 3309 Chrysippus
695 3234 855 3308 Diog.
878 3236 1038 3286 Laert.
1054 3233 1089 3286 l.
1106 3233 1142 3286 l.
1242 3232 1327 3303 qui
1357 3232 1503 3298 ideo,
1543 3231 1680 3301 quod
1721 3251 1826 3283 non
1851 3231 2114 3295 viderunt,
2139 3251 2270 3301 quo-

99 3339 127 3362 «
144 3318 254 3371 Τὴν
296 3314 348 3366 ἃ
374 3315 561 3383 πρώτην
600 3314 741 3381 &pp-riv
775 3335 885 3379 φασι
924 3313 979 3362 τὶ
1021 3317 1143 3375 ζόον
1240 3311 1400 3363 modo
1421 3309 1518 3362 hoc
1557 3308 1670 3360 fieri
1705 3308 1884 3381 possit,
1919 3308 2158 3380 colligere
2182 3309 2272 3362 vi—

94 3395 262 3460 ἷσχειν
301 3392 382 3441 ἐπὶ
410 3392 473 3440 *εδ
508 3399 660 3458 τηρεῖν
706 3390 845 3442 ἕόιυτδ
887 3386 1145 3448 οἰκειούσης
1240 3388 1453 3450 dentur,
1487 3385 1672 3440 falsum
1711 3386 1836 3456 quid
1865 3405 1896 3439 a
1931 3386 2114 3439 Stoicis
2142 3409 2272 3460 pro-

95 3473 235 3540 αὑτῷ·
260 3477 347 3527 τῆς
368 3465 543 3534 φύσεως
564 3466 649 3519 ἀπ’
673 3471 849 3536 ἀρχῆς,
885 3467 1142 3533 κατάφησιν
1245 3464 1384 3537 poni.
1407 3462 1698 3541 Respondet
1719 3463 1887 3534 itaque
1902 3475 2034 3516 recte
2056 3463 2268 3528 Seneca,

98 3548 123 3596 ὅ
160 3544 491 3612 Χρύσιππος,
511 3568 553 3596 ιι.
574 3565 615 3595 τ.
641 3547 681 3596 λ.
701 3564 727 3589 ³·
770 3543 851 3595 Cf.
882 3543 1061 3598 Cicero
1082 3543 1143 3594 de
1240 3540 1479 3596 animalia
1523 3540 1762 3593 salutares
1805 3541 2148 3596 mortiferasve
2190 3563 2268 3595 res

102 3623 276 3676 offic.
309 3642 357 3688 ι,
382 3625 430 3686 4.
454 3623 637 3676 Ruhk.
1242 3620 1556 3692 intelligere,
1587 3632 1679 3673 etc.
1703 3619 1886 3674 Rubk.

169 3722 221 3753 α.
246 3698 391 3753 Hoec
410 3704 621 3766 (cui-a)...
638 3718 727 3752 nec
745 3703 1005 3754 inseritur.
1025 3699 1085 3752 E.
1099 3717 1140 3750 c·
1310 3703 1358 3754 5.
1397 3700 1727 3766 Acce'pe'trem.
1767 3696 1940 3768 Vulgo
1979 3699 2267 3763 accipitrem

96 3777 449 3832 institutione.
472 3779 649 3832 Ruhk.
1220 3777 1427 3848 fugiat.
1449 3777 1552 3829 Sed
1574 3773 1815 3848 posterius
1828 3775 2046 3827 verbum
2063 3793 2158 3827 nec
2177 3793 2266 3824 ne-

166 3859 217 3911 3.
245 3856 530 3909 Prioribus
560 3857 811 3926 epistolis.
846 3855 933 3909 Sic
964 3873 1056 3907 ms.
1084 3875 1139 3906 a.
1240 3855 1508 3909 cessarium
1534 3867 1670 3918 erat,
1697 3866 1745 3906 et
1767 3852 2005 3926 ignorant
2043 3850 2174 3904 illud
2207 3873 2262 3906 a.

92 3935 171 3988 In
186 3933 465 4004 prioribus
483 3937 631 4001 epist.
649 3955 689 3988 c.
714 3936 782 3988 R.
804 3935 873 3986 A.
889 3933 1065 4006 Vulgo
1085 3937 1141 3985 in
1241 3953 1281 3986 c.
1306 3933 1380 3987 R.
1402 3934 1470 3985 A.
1496 3934 1656 3986 Sckw.

84 4013 373 4084 prioribus
402 4012 627 4082 (absque
657 4016 929 4080 epistolis)
969 4013 1081 4066 edd.
1108 4033 1137 4066 a
1302 4011 1351 4063 5.
1375 4011 1644 4072 Timeam,
1669 4007 1940 4075 dederunt,
1967 4027 2017 4060 a.
2041 4026 2084 4060 c.
2102 4007 2175 4060 R.
2192 4010 2262 4061 A.

92 4093 246 4146 Mur.
288 4087 453 4146 δάιον.
1246 4089 1450 4142 Timent
1475 4087 1590 4142 edd.
1614 4087 1776 4142 Schw.

2313 2112 2374 2163 ¹9

2316 2918 2379 2949 20
