2667 4475
784 350 1314 426 EPISTQLA.
1359 350 1639 421 XCI‘V.
2204 352 2297 419 85

161 482 328 552 dicta
370 498 551 553 sunt.
599 477 932 574 Quaedam
983 480 1272 555 diversis
1323 482 1496 551 locis
1531 482 1772 575 jacent·
1815 504 2047 575 sparsa
2066 528 2087 562 ‚
2138 504 2301 574 quse

162 598 546 668 contrahere
579 599 1026 667 inexercitata·
1045 621 1237 668 mens
1263 620 1403 667 non
1430 612 1676 691 potest.
1710 598 1947 691 Itaque
1976 600 2050 665 in
2076 620 2289 667 unum
2342 603 2405 657 30

163 714 564 783 conferenda
590 729 784 801 sunt,
820 729 889 783 et
905 712 1260 809 jungenda
1281 763 1306 799 ,
1337 730 1417 782 ut
1444 713 1599 807 plus
1624 714 1930 799 valeant,
1960 714 2291 782 animum-

163 855 284 922 que
325 832 540 924 magis
597 831 918 909 allevent.
966 832 1144 916 Aut,
1185 832 1243 899 si
1284 844 1625 925 praecepta
1678 830 1857 899 nihil
1906 828 2232 922 adjuvant
2258 878 2282 913 ,

163 951 365 1018 omnis
407 949 742 1017 institutio
789 947 1089 1027 tollenda
1135 961 1284 1034 est3
1339 947 1489 1039 ipsa
1528 960 1770 1015 natura
1811 946 2113 1023 contenti
2136 967 2287 1014 esse

163 1062 492 1134 debemus.
532 1068 680 1133 Hoc
725 1065 848 1159 qui
896 1063 1136 1133 dicunt
1157 1066 1208 1149 ¹,
1264 1086 1407 1130 non
1450 1058 1686 1131 vident
1704 1112 1727 1149 ,
1770 1061 1981 1131 alium
2016 1062 2285 1156 ingenii

161 1200 292 1247 esse
337 1178 608 1247 mobilis
655 1194 725 1247 et
777 1180 992 1247 erecti
1016 1227 1036 1261 ,
1085 1176 1296 1245 alium
1348 1172 1526 1244 tardi
1572 1191 1644 1245 et
1688 1175 1994 1262 hebetis3
2044 1176 2284 1266 utique

160 1293 346 1363 alium
369 1296 504 1367 alio
529 1296 1062 1391 ingeniosiorem
1081 1298 1135 1362 ².
1171 1294 1444 1387 Ingenii
1469 1294 1575 1361 vis
1601 1292 1957 1387 praeceptis
1980 1292 2193 1359 alitur
2216 1305 2287 1358 et

162 1412 417 1497 crescit,
458 1436 804 1506 novasque
846 1409 1320 1507 persuasiones
1348 1406 1589 1502 adjicit
1624 1408 1902 1493 innatis,
1937 1423 2007 1477 et
2043 1404 2287 1501 depra-

159 1540 294 1594 vata
328 1530 652 1623 corrigit.

247 1668 280 1707 α
305 1644 376 1713 Si
402 1646 596 1738 quis,
629 1645 893 1738 inquit,
925 1642 1302 1715 nonhabet
1326 1654 1525 1714 reeta
1530 1576 1857 1727 decreta,
1890 1640 2061 1735 quid
2088 1641 2283 1710 illum

157 1754 632 1828 admonitiones
669 1760 1004 1851 juvabunt
1045 1762 1230 1830 vitiis
1259 1762 1629 1853 obligatum
1654 1761 1685 1829 Ρ
1710 1786 1743 1823 »
1800 1762 1949 1829 Hoc
1982 1757 2277 1842 scilicet,

157 1888 224 1939 ut
244 1872 375 1944 illis
401 1875 764 1945 liberetur.
803 1878 957 1945 Non
991 1878 1178 1945 enim
1223 1880 1547 1947 exstincta
1594 1878 1668 1946 in
1708 1875 1827 1947 illo
1868 1874 2131 1945 indoles
2165 1897 2287 1944 na-

157 1991 369 2061 turalis
393 2008 497 2062 est
514 2044 534 2078 ,
567 1992 684 2062 sed
713 1994 1072 2065 obscurata
1094 2044 1114 2079 ‚
1147 2010 1219 2063 et
1241 2019 1567 2089 oppressa
1596 2022 1613 2061 ι
1646 1996 1744 2063 sic
1772 2018 2045 2087 quoque
2070 2006 2287 2063 tentat

154 2128 518 2201 resurgere,
541 2124 612 2177 et
636 2124 872 2177 contra
887 2134 1096 2203 prava
1120 2111 1368 2179 nititur
1401 2137 1417 2177 ε
1450 2126 1649 2179 nacta
1673 2133 1836 2179 vero
1856 2107 2277 2204 praesidium,

154 2237 212 2288 et
250 2220 470 2318 adjuta
516 2224 878 2318 praeceptis
903 2275 922 2308 ,
981 2225 1396 2296 convalescit
1415 2218 1473 2315 ³3
1523 2228 1583 2296 si
1631 2243 1858 2296 tamen
1901 2225 2089 2294 illam
2135 2221 2285 2294 diu-

152 2337 274 2406 tina
305 2342 518 2433 pestis
544 2364 686 2409 non
722 2333 1035 2425 infecit⁴,
1077 2367 1210 2412 nec
1244 2345 1563 2432 enecuit3
1596 2343 1777 2411 hanc
1802 2343 1985 2409 enim
2021 2363 2112 2407 ne
2148 2339 2283 2408 dis-

154 2454 382 2546 ciplina
417 2455 701 2552 quidem
745 2457 1204 2553 philosophiae
1221 2509 1240 2544 ,
1289 2475 1431 2528 toto
1482 2461 1742 2553 impetu
1788 2480 1911 2524 suo
1953 2454 2273 2539 connisa,

153 2569 462 2650 restituet.
515 2569 710 2664 Quid
746 2573 934 2642 enim
971 2573 1257 2648 interest
1304 2574 1491 2642 inter
1523 2572 1797 2643 decreta
1822 2569 2277 2664 philosophiae

150 2695 208 2748 et
252 2702 590 2780 praecepta
612 2737 632 2770 ,
689 2687 826 2757 nisi
871 2690 1054 2780 quod
1105 2689 1226 2758 illa
1267 2688 1615 2782 generalia
1656 2701 1997 2780 pxaecepta
2060 2700 2219 2756 sunt
2249 2733 2271 2769 ‚

149 2793 278 2866 haec
301 2802 669 2895 specialia?
691 2805 996 2896 Utraque
1023 2827 1134 2872 res
1157 2804 1472 2898 praecipit
1500 2831 1517 2871 ε
1544 2803 1664 2872 sed
1686 2803 1901 2874 altera
1926 2803 1997 2870 in
2008 2815 2269 2885 totum,

147 2915 584 3004 particulatim
609 2918 848 2992 altera.
881 2957 983 2972 -
1015 2919 1150 2988 «Si
1192 2921 1389 3012 quis,
1408 2921 1700 3014 inquit,
1756 2935 1939 2990 recta
1970 2917 2181 2988 habet
2207 2935 2276 2987 et

148 3027 408 3110 honesta
434 3033 712 3105 decreta
725 3085 749 3122 ,
789 3034 908 3103 hic
930 3059 1012 3103 ex
1038 3059 1462 3130 supervacuo
1484 3051 1824 3108 monetur.
1860 3063 1893 3100 ι)
1934 3038 2221 3105 Minime
2247 3033 2263 3102 Ξ

146 3167 283 3217 nam
315 3149 430 3224 hic
470 3174 746 3254 quoque
791 3148 1032 3220 doctus
1067 3151 1347 3244 quidem
1388 3170 1489 3222 est
1533 3153 1793 3237 facere,
1835 3177 1989 3246 quae
2018 3151 2267 3238 debet;

145 3399 192 3454 hi
239 3405 434 3466 [ortam
467 3429 500 3462 e
535 3409 713 3466 Publii
752 3411 878 3486 Syri·
915 3412 1136 3480 mimia,
1310 3415 1359 3469 3.
1371 3417 1705 3474 Cmmleseit.
1716 3417 1804 3472 Sic
1818 3418 1991 3492 vulgo.
1999 3417 2271 3473 Eodescit

145 3498 256 3550 quos
273 3486 512 3545 Nostrum
525 3490 706 3560 magni
723 3490 900 3546 secisse
919 3505 1142 3558 constat,
1243 3491 1330 3550 dat
1352 3493 1529 3547 Schw.
1551 3514 1610 3547 ex
1632 3516 1684 3548 a.
1706 3514 1751 3548 c.
1772 3497 1846 3550 A.

145 3562 320 3632 repetiti
333 3581 452 3620 sunt
466 3586 622 3628 :mox
643 3569 704 3622 in
720 3571 988 3642 proverbia
1003 3571 1146 3628 abie—
1307 3573 1357 3636 4.
1382 3571 1450 3624 Sa·
1475 3581 1654 3625 tamen
1684 3575 1841 3628 illam
1877 3575 2085 3628 diutina
2100 3579 2266 3644 pestis

144 3651 268 3708 runt,
293 3643 450 3715 idque
471 3647 876 3702 merito.Ru1=k.
1240 3669 1345 3701 non
1371 3649 1574 3720 e‘rffecs‘t,
1600 3671 1704 3705 nec.
1734 3671 1778 3704 e.
1820 3651 1911 3705 Sic
1946 3672 2123 3706 omnes
2152 3673 2267 3708 mss.

203 3735 242 3770 ι.
269 3719 387 3776 Hoc
415 3728 511 3794 qui
533 3727 744 3793 climat,
782 3725 977 3784 scillcet
1005 3747 1146 3799 pra-
1242 3726 1476 3780 Muretus
1518 3740 1689 3781 tamen
1724 3727 2031 3790 Pincianum
2072 3743 2267 3788 secutus

44 3813 47 3818 ·
143 3808 260 3866 cepta
275 3801 404 3855 nihil
421 3805 663 3877 proficere
683 3807 746 3860 ad
761 3805 994 3862 virtutem
1013 3827 1142 3862 sua-
1239 3805 1423 3860 dedit·
1440 3811 1604 3876 peste's
1634 3810 1823 3880 inficit.
1846 3837 1914 3850 —
1930 3811 1997 3864 Sa·
2020 3819 2246 3864 tamen...

145 3871 357 3931 dandam.
1237 3887 1463 3952 enecuit,
1485 3886 1521 3939 i.
1546 3906 1593 3940 e.
1621 3885 1993 3961 Proeeeptorum
2016 3907 2109 3962 ope
2129 3887 2263 3940 bona

197 3969 238 4002 2-
257 3955 446 4010 Alium
479 3962 637 4013 aleb·
613 3965 1020 4032 mgene‘osiooem.
1056 3960 1141 4016 Sic
1238 3961 1439 4017 indoles
1460 3965 1698 4018 naturalis
1722 3965 2062 4028 convalescit,
2097 3983 2155 4017 ea
2176 3977 2265 4020 ta-

141 4045 188 4077 0·
203 4048 240 4082 c·
250 4032 318 4084 A·
334 4034 510 4108 Vulgo
533 4041 674 4091 alius
691 4043 850 4095 οὔθ’
827 4043 1140 4112 eugeniose‘or
1237 4059 1359 4093 men
1396 4041 1718 4108 conditione,
1749 4057 1807 4096 ut
1842 4041 2021 4104 morbo
2062 4041 2263 4098 diutino

141 4116 208 4156 est
225 4127 276 4158 ex
302 4110 378 4164 ed.
405 4113 476 4167 R
499 4113 657 4170 δάιον.
1239 4137 1344 4171 non
1381 4118 1594 4174 omnino
1622 4131 1855 4191 corrupta
1879 4139 1935 4174 ac
1966 4119 2263 4192 interempta

2338 1650 2397 1705 31

2337 2575 2400 2629 32
