2667 4475
373 334 506 421 554
1147 334 1455 406 JUs'rl
1502 308 1841 404 ‘mrsu

366 475 598 539 mortis?
618 473 695 535 Et
718 497 877 552 vero,
902 478 982 536 mi
1005 478 1336 543 adolescens
1356 524 1372 554 ,
1404 480 1545 561 quid
1572 478 1789 539 homini
1816 478 2001 562 magis
2020 482 2295 540 convenit
2310 524 2329 553 ‚
2352 502 2521 561 quam

369 584 518 643 hanc
545 583 756 643 habere
801 584 864 641 in
904 585 1096 645 animo
1139 598 1199 645 et
1244 586 1425 647 oculis
1450 629 1466 659 ,
1514 606 1639 667 quae
1680 606 1911 667 semper
1936 584 2233 660 imminet,
2264 599 2329 645 et
2358 588 2525 646 tacito

371 689 618 772 quodam
649 688 799 770 pede
825 692 1115 773 surrepit?
1148 691 1302 751 Pone
1331 692 1407 751 de
1434 704 1618 752 morte
1635 735 1652 763 ,
1686 693 1900 772 inquis.
1936 690 1988 749 Ο
2016 714 2193 771 quam
2227 691 2401 751 aliter
2426 713 2525 749 sa-

369 792 628 879 pientes!
661 796 775 858 Vel
809 795 1070 857 Graecum
1103 797 1267 857 illum
1297 797 1433 857 audi
1464 796 1792 878 (Musonius
1821 797 1979 879 apud
2005 796 2166 858 Stob.
2201 796 2391 857 Ser-m.
2434 797 2517 878 1):

377 933 405 959 «ι
432 905 561 965 Non
588 918 676 965 est
703 918 1038 986 praesentem
1069 904 1226 970 diem
1257 919 1411 967 recte
1438 907 1754 987 nansigere
1773 950 1793 978 ,
1825 907 1938 965 nisi
1967 907 2173 968 statuis
2202 908 2527 987 eam-quasi

371 1012 631 1071 ultimam
671 1014 1024 1094 transfigere.
1057 1038 1084 1065 ιι
1133 1010 1287 1086 Quid
1327 1022 1523 1071 noster
1552 1012 1813 1073 Seneca?
1838 1010 1977 1071 vide
1996 1056 2013 1085 ‚
2046 1032 2223 1093 quam
2252 1022 2529 1071 consonet

373 1116 526 1199 (Ep.
554 1114 734 1199 nx1)=
763 1144 790 1171 κ
812 1116 883 1176 Id
900 1140 1039 1200 ago,
1065 1129 1131 1177 ut
1149 1117 1292 1176 mihi
1315 1118 1491 1177 instar
1508 1118 1681 1177 totius
1708 1106 1835 1177 vitae
1864 1118 1941 1175 sit
1967 1115 2111 1176 dies.
2138 1116 2263 1175 Nec
2286 1115 2527 1175 meher-

373 1222 531 1283 cules
569 1235 841 1303 tunquam
872 1223 1138 1283 ultimum
1165 1224 1328 1307 rapio
1348 1266 1365 1297 ‚
1412 1223 1513 1286 sed
1550 1224 1633 1286 sic
1666 1224 1879 1303 aspicio
1902 1266 1920 1296 ,
1952 1234 2229 1303 tanquam
2264 1243 2395 1282 esse
2436 1222 2527 1280 vel

374 1330 606 1389 ultimus
628 1332 825 1411 possit.
843 1328 972 1389 Hoc
993 1331 1184 1389 animo
1209 1328 1312 1388 tibi
1333 1328 1481 1389 bunc
1504 1330 1801 1411 epistolam
1816 1328 2025 1401 scribo,
2048 1340 2331 1407 tanquam
2348 1348 2527 1407 quum

374 1437 622 1495 maxime
649 1436 989 1495 scribentem
1017 1456 1171 1494 mors
1199 1447 1519 1495 evocatura*
1534 1435 1627 1493 sit.
1659 1460 1687 1487 ιι
1720 1434 2005 1493 Salutaria
2026 1432 2181 1493 dicta
2196 1474 2215 1505 ,
2248 1444 2312 1491 et
2340 1453 2526 1491 sensa.

375 1541 554 1625 Surge
575 1586 593 1617 ‚
626 1563 860 1623 possum
889 1563 1008 1601 non
1036 1542 1120 1601 ire
1149 1540 1407 1600 cubitum
1434 1564 1450 1598 ι
1475 1540 1721 1601 decubui
1744 1584 1760 1613 ‚
1794 1562 2028 1621 possum
2047 1560 2167 1598 non
2194 1558 2525 1621 exsurgent.

375 1647 747 1728 Antverpiam
777 1668 846 1706 eo
867 1691 884 1720 ,
923 1668 998 1705 an
1026 1644 1260 1705 domum
1289 1645 1533 1705 redibo?
1564 1645 1639 1705 ad
1666 1645 1815 1705 hanc
1852 1644 1999 1705 redii
2020 1688 2037 1719 ,
2072 1667 2145 1703 an
2174 1643 2339 1703 illam
2368 1646 2531 1703 revi-

375 1754 537 1813 sam?
566 1753 643 1813 At
660 1797 679 1827 ‚
712 1754 936 1832 inquies
955 1796 972 1825 ,
1003 1752 1182 1811 tristis
1210 1750 1330 1810 haec
1360 1753 1627 1834 cogitatio
1657 1774 1831 1833 super
1858 1764 2041 1811 morte
2059 1795 2078 1823 ‚
2110 1764 2171 1811 et
2200 1752 2386 1833 ipsam
2414 1752 2531 1811 ad-

377 1848 554 1917 ducit.
583 1856 820 1917 Falleris
841 1880 857 1927 ;
885 1859 1112 1938 sapiens
1143 1880 1274 1917 cum
1295 1857 1709 1939 tranquillitate
1730 1857 1803 1917 de
1830 1880 1899 1917 ea
1926 1859 2137 1941 cogitat
2156 1881 2175 1916 ε
2201 1880 2322 1917 non
2338 1859 2527 1927 aliter,

377 1984 552 2043 quam
581 1963 642 2021 in
671 1964 815 2022 mari
845 1974 903 2021 et
930 1962 1097 2035 navi,
1134 1975 1334 2023 ventos
1358 1974 1415 2023 et
1436 1963 1565 2023 vela
1586 1975 1807 2045 spectat
1823 2008 1841 2036 ‚
1876 1963 2085 2044 quihus
2112 1961 2297 2023 fertur
2313 1966 2373 2023 in
2398 1986 2537 2045 por-

378 2083 501 2129 tum
532 2092 550 2128 ε
583 2091 690 2129 nec
717 2082 910 2129 tamen
939 2071 1064 2155 ipsa
1092 2072 1360 2152 cogitatio
1390 2093 1523 2134 eum
1554 2070 1841 2134 transfert.
1892 2072 1969 2131 At
2000 2070 2119 2130 haec
2158 2070 2403 2130 stultitia
2423 2114 2443 2142 ‚
2480 2084 2537 2129 et

379 2176 564 2237 omnis
594 2197 752 2237 error
778 2187 971 2235 noster
999 2188 1112 2249 est;
1148 2177 1207 2234 in
1231 2173 1498 2235 fluctibus
1528 2188 1586 2235 et
1614 2178 1765 2238 inter
1790 2176 1975 2237 undas
2000 2178 2202 2257 jactari
2230 2176 2531 2245 volumusf.

380 2281 814 2344 reformidamus
829 2325 847 2356 ,
881 2303 997 2363 quo
1029 2295 1230 2342 natura
1261 2295 1318 2342 et
1346 2284 1567 2344 ratione
1595 2282 1861 2346 ducimur
1876 2327 1895 2358 ‚
1926 2284 2251 2366 pervenire.
2286 2283 2377 2342 De
2406 2281 2539 2344 Na—

381 2401 510 2450 tura
523 2433 542 2462 ‚
574 2391 784 2450 scimus
809 2411 824 2445 ε

710 2541 893 2589 Omnes
913 2537 1088 2588 eodem
1114 2537 1366 2598 ducimur,
1394 2539 1619 2588 omnium

727 2631 954 2680 'Versatur
975 2647 1114 2680 urna.

383 2778 486 2852 sed
515 2791 574 2838 et
591 2778 664 2840 de
692 2778 934 2841 Ratione
952 2823 970 2854 ‚
1003 2780 1132 2859 quis
1155 2779 1276 2858 ejus
1301 2799 1535 2860 compos
1556 2779 1903 2862 abnegabit?
1924 2780 2079 2862 Quid
2100 2783 2210 2841 nisi
2230 2781 2327 2848 hic
2341 2785 2547 2862 jacta-

387 2888 576 2949 tiones
594 2930 612 2960 ,
659 2907 804 2952 curae
823 2930 844 2960 ‚
880 2887 1120 2948 miseriae
1145 2929 1164 2960 ,
1213 2886 1465 2966 corporis
1513 2898 1685 2968 atque
1722 2888 1897 2948 animi
1928 2887 2153 2948 dolores
2180 2889 2361 2952 sunt?
2394 2888 2551 2951 Ecce

388 2993 560 3057 finem
592 3016 609 3052 ε
642 2991 784 3076 quid
812 2991 1188 3054 reformidas?
1220 3013 1353 3052 ecce
1376 3005 1614 3073 potuim
1645 3016 1662 3050 ε
1696 3015 1801 3054 cur
1822 3015 1935 3054 non
1959 2994 2179 3057 intras?
2200 2995 2318 3056 Sed
2338 3017 2549 3058 revera

385 3112 452 3160 ut
471 3101 515 3162 ii
535 3101 636 3182 qui
655 3101 716 3160 in
738 3119 965 3164 carcere
993 3109 1158 3174 sunt,
1193 3097 1343 3160 elabi
1372 3099 1551 3162 velint
1579 3111 1637 3159 et
1664 3101 1886 3181 possint
1906 3143 1925 3175 ,
1958 3100 2069 3161 nisi
2091 3113 2287 3162 custos
2304 3113 2546 3163 tenentt

389 3208 471 3268 sic
511 3207 574 3266 in
620 3205 728 3268 hac
777 3207 894 3266 vita
931 3227 1036 3265 nos
1077 3206 1227 3267 sistit
1261 3206 1362 3269 ille
1391 3206 1549 3269 velut
1576 3209 2102 3271 commentariensis
2127 3252 2147 3282 ,
2178 3209 2361 3270 Amor
2390 3211 2545 3270 vita.

389 3311 695 3374 Pellendus
723 3325 844 3384 est;
877 3324 934 3372 et
961 3325 1028 3375 ut
1053 3314 1234 3394 possit
1247 3356 1266 3386 ,
1297 3333 1447 3395 saepe
1474 3312 1843 3396 cogitandum
1866 3358 1884 3387 ‚
1909 3299 2073 3395 'quod
2100 3314 2281 3376 smel
2308 3313 2555 3376 facien—

389 3419 530 3480 dum
559 3431 662 3494 est.
703 3446 731 3479 α
750 3419 1176 3501 Supervacuum
1205 3419 1441 3483 forsitan
1464 3433 1630 3503 putas
1658 3421 1719 3480 id
1749 3421 1969 3494 discere
1985 3465 2003 3496 ,
2028 3443 2145 3502 quo
2163 3421 2345 3482 semel
2365 3435 2559 3485 men-

390 3526 528 3589 dum
561 3526 686 3591 est?
728 3525 856 3588 Hoc
899 3539 986 3586 est
1011 3528 1232 3609 ipsum,
1265 3549 1445 3608 quare
1472 3527 1735 3590 meditari
1778 3528 2127 3602 debeam„
2157 3551 2394 3612 semper
2420 3531 2559 3592 dis-

387 3633 634 3694 cendum
673 3647 760 3693 est
783 3677 801 3708 ,
857 3632 1013 3715 quod
1059 3655 1136 3692 an
1175 3635 1421 3697 sciamus
1470 3636 1727 3716 experiri
1769 3657 1885 3696 non
1924 3658 2247 3716 possumus.
2283 3663 2310 3689 ιι
2358 3635 2551 3719 (Seu.

389 3741 576 3822 Epist.
615 3737 817 3821 xxvx.)
848 3741 1088 3803 Animus
1120 3740 1228 3802 hoc
1261 3741 1435 3805 modo
1463 3741 1689 3816 fortior,
1722 3745 1838 3806 vita
1870 3743 2247 3814 emendntior,
2280 3746 2469 3810 immo
2500 3761 2559 3804 et

391 3847 606 3921 laetior-3
637 3845 780 3929 quid
809 3847 962 3906 enim
992 3857 1199 3908 terreat
1227 3860 1329 3911 aut,
1360 3850 1583 3923 turbet,
1618 3871 1789 3929 quem

1066 4037 1214 4055 .....
1250 4003 1332 4054 ille
1358 4006 1593 4055 timorum

725 4094 965 4144 unximus
983 4093 1118 4144 houd
1139 4100 1280 4159 urget
1303 4130 1317 4154 ,
1342 4095 1428 4144 leti
1454 4101 1611 4151 metm
1628 4093 1653 4144 ἲ
1675 4095 1892 4162 (hum.
1904 4094 1930 4160 )
