2667 4475
995 286 1076 351 L.
1128 278 1489 348 ANNAEI
1534 280 1972 351 SENECAE

294 394 302 401 ’
415 412 730 482 omnibus
755 412 1010 483 laevims
1031 418 1050 448 ¹
1094 414 1183 481 sit
1199 462 1220 495 ‚
1263 409 1502 479 eadem
1540 412 1781 506 primae
1810 434 2131 509 mensura
2166 410 2541 506 lanuginis,

413 526 653 597 eadem
679 530 942 623 species
965 528 1369 623 capillorum
1391 556 1412 615 3
1434 550 1523 595 ne
1554 530 1745 620 quis,
1773 529 1887 597 cui
1913 530 2163 599 rectior
2192 543 2297 597 est
2332 552 2546 611 coma,

338 728 345 733 ,
411 645 731 739 crispulis
774 647 1164 715 misceatur.
1211 646 1522 714 Transeo
1569 646 1901 738 pistorum
1939 646 2203 716 turbam
2220 696 2241 729 ‚
2284 660 2553 715 transeo

297 1005 360 1057 25

295 1802 361 1857 26

410 762 974 845 ministraturum,
1011 786 1140 855 per
1165 784 1335 851 quos
1361 761 1557 853 signo
1596 759 1754 829 dato
1772 766 1801 797 ²
1828 759 1921 828 ad
1944 760 2373 829 inferendam
2414 784 2552 828 οω-

407 902 570 946 nam·
583 877 1014 947 discurritur.
1033 879 1152 948 Dii
1170 874 1339 946 boni
1354 924 1374 959 ‚
1404 892 1733 967 quantum
1750 878 2105 946 bominum
2122 900 2303 945 unus
2319 892 2555 948 venter

408 992 711 1063 exercet!
755 994 1002 1088 Quid?
1037 1008 1112 1062 tu
1150 993 1302 1061 illos
1326 984 1657 1075 boletos³,
1691 992 2151 1085 voluptarium
2173 1014 2507 1061 venenum
2526 1042 2545 1073 ‚

406 1110 584 1177 nibil
613 1110 859 1177 occulti
895 1110 1125 1201 operis
1146 1104 1416 1200 judicas
1454 1106 1681 1175 facere
1698 1157 1719 1190 ,
1764 1109 1969 1175 ctiam
2006 1109 2065 1176 si
2103 1109 2553 1201 praesentanei

406 1250 546 1295 non
597 1220 956 1295 fuerunt⁴P
986 1224 1178 1318 Quid
1211 1239 1288 1293 tu
1325 1224 1513 1293 illam
1548 1226 1847 1293 aestivum
1896 1224 2123 1293 nivem
2174 1248 2317 1293 non
2356 1240 2554 1317 putas

407 1341 652 1411 callum
673 1340 1100 1435 jecinoribus
1139 1338 1535 1409 obducere?
1562 1338 1803 1433 Quid?
1830 1340 1949 1409 itta
1974 1352 2233 1432 ostrea,
2278 1341 2555 1409 inertis-

407 1459 644 1528 simam
695 1480 970 1526 carnem
1021 1478 1210 1523 coeno
1259 1456 1632 1549 saginatum
1648 1504 1667 1538 ,
1720 1454 1899 1524 nibil
1934 1456 2271 1524 existimas
2305 1455 2555 1524 limosae

410 1574 759 1667 gravitatis
789 1572 1050 1640 inferre
1071 1572 1104 1639 Ρ
1139 1570 1380 1663 Quid?
1411 1570 1587 1642 illud
1630 1573 1987 1642 Sociorum
2036 1563 2348 1666 garum5,
2384 1594 2555 1665 pre-

409 1688 649 1757 tiosam
680 1685 1014 1755 malorum
1047 1687 1336 1781 piscium
1370 1687 1625 1756 saniem
1644 1736 1669 1773 ,
1708 1710 1847 1755 non
1884 1683 2111 1754 credis
2146 1710 2355 1754 uoere
2380 1686 2555 1755 salsa

413 1804 568 1873 tabe
593 1798 619 1841 ⁶
655 1800 1086 1897 praecordia?
1122 1800 1316 1896 Quid
1352 1802 1472 1871 illa
1502 1802 1867 1897 purulenta
1890 1852 1937 1887 ,.
1974 1818 2045 1871 et
2082 1826 2237 1895 quae
2272 1783 2553 1873 'tantum

331 1925 334 1927 ’
412 1944 552 1989 non
589 1943 673 1987 ex
709 1922 859 2012 ipso
898 1920 1062 2012 igne
1099 1920 1178 1987 in
1213 1942 1290 1987 os
1323 1920 1853 2003 transferuntur,
1886 1919 2157 2012 judicas
2190 1920 2341 1989 sine
2377 1944 2551 1989 noxa

411 2037 488 2103 in
520 2035 684 2127 ipsis
715 2034 1092 2103 visceribus
1129 2035 1481 2129 extingui?
1509 2036 1735 2130 Quam
1769 2034 1932 2103 foedi
1964 2036 2195 2128 itaque
2228 2036 2557 2128 pestilen-

411 2166 649 2244 tesque
667 2154 692 2213 .⁷
724 2165 957 2219 ructus
977 2146 1164 2219 sunt!
1193 2166 1525 2243 quantum
1544 2150 1887 2219 fastidium
1906 2152 2013 2219 sni
2032 2200 2055 2238 2
2082 2150 2553 2220 exhalantibus

406 2267 754 2362 crapulam
777 2264 1113 2338 veterem!
1145 2269 1330 2337 Scias
1357 2285 1752 2364 putrescere
1784 2285 2049 2364 sumpta
2064 2319 2084 2356 ,
2125 2294 2265 2339 non
2300 2295 2553 2342 conco-

403 2483 594 2540 Brevit.
611 2485 746 2541 Vite
770 2507 816 2540 e.
835 2501 935 2538 xtt.
966 2483 1032 2540 L.
1046 2513 1114 2526 —
1128 2486 1238 2540 Alii
1257 2487 1428 2540 exole-

405 2577 574 2618 torum
617 2575 761 2617 erant
797 2563 960 2636 glabri
1000 2562 1247 2634 levesque
1269 2603 1286 2630 ,
1335 2563 1426 2617 alii

405 2641 562 2695 barba
587 2641 778 2695 decori.
803 2639 983 2694 Ruhk.

480 2719 772 2774 1.Loeot‘tas.
792 2718 1128 2772 Scribendum
1143 2719 1216 2772 sic
1232 2718 1425 2791 putavi,

405 2815 565 2868 quum
591 2799 777 2849 levitas
803 2794 981 2847 darent
1005 2817 1197 2850 omnes.
1225 2795 1391 2850 Schw.

472 2892 520 2924 a.
557 2869 718 2940 Signo
752 2874 894 2923 dato.
920 2869 1119 2924 Ibidem
1146 2871 1208 2924 dc
1233 2871 1423 2924 Brevi-

403 2962 503 3004 tate
517 2969 533 3006 ι
549 2972 575 2998 κ
593 2950 797 3018 Quanta
814 2947 1084 3016 celeritate,
1109 2949 1256 3020 signo
1277 2949 1422 3014 dato,

403 3028 567 3101 glabri
599 3027 662 3081 ad
691 3026 971 3080 ministeria
989 3025 1286 3080 discurrant.
1304 3047 1332 3071 »
1355 3023 1420 3079 L.

470 3105 516 3159 3.
532 3103 766 3169 Boletos,
791 3117 883 3159 etc.
908 3103 1116 3157 Etiamsi
1127 3107 1300 3169 boleti,
1322 3123 1421 3157 oes·

403 3185 512 3236 tiva
543 3194 740 3247 ostrea,
765 3181 1034 3237 Sociorum
1049 3202 1244 3252 gamm
1257 3223 1272 3245 ‚
1307 3203 1419 3236 non

403 3260 568 3314 statim
587 3273 817 3328 noceant,
830 3281 946 3314 mox
964 3274 1130 3314 tamen
1142 3261 1418 3314 sacient-R.

469 3339 520 3403 4.
541 3337 790 3391 F'emunt.
811 3337 1012 3390 Dedere
1030 3359 1084 3392 a.
1105 3331 1179 3389 R.
1201 3337 1423 3391 Fuerint

400 3435 442 3468 c.
466 3416 537 3468 A.
561 3416 802 3468 Fuerant
825 3416 996 3488 vulgo.
1019 3415 1180 3472 Schw.

468 3499 515 3549 5.
531 3494 797 3549 Sociorum
810 3515 1018 3566 gamm.
1035 3496 1297 3562 Horatius,
1315 3495 1421 3548 Pli-

399 3570 518 3623 nius
535 3609 552 3635 ,
587 3571 844 3625 Ausonius
862 3610 881 3635 ‚
920 3573 1199 3636 Martialis,
1241 3571 1416 3625 Petro-

399 3651 516 3703 nius
533 3688 546 3714 ,
564 3649 772 3722 Apicius
788 3690 803 3715 ,
830 3650 1040 3719 Strabo,
1069 3665 1118 3705 et
1139 3651 1415 3705 Athenoeus

399 3727 578 3781 famosi
610 3727 743 3781 illius
767 3729 1074 3782 condimenti
1098 3728 1411 3782 mentionem

397 3805 616 3872 faciunt,
636 3805 772 3876 quod
791 3827 817 3857 e
835 3807 1150 3860 diversorum
1171 3807 1381 3880 piscium
1394 3847 1412 3874 ,

396 3885 456 3937 in
489 3881 662 3955 primis
684 3883 928 3948 scombri,
965 3885 1102 3937 sanie
1131 3885 1409 3953 constabat,

397 3963 615 4034 solisque
651 3958 864 4014 divitum
893 3965 1079 4016 mensis
1115 3964 1413 4016 asservaba-

399 4053 515 4096 tur:
547 4053 602 4094 ut
632 4061 658 4092 c
692 4039 911 4094 Martiali
943 4039 1127 4112 liquet,
1169 4042 1201 4093 Ι.
1241 4041 1367 4094 xllt
1401 4079 1417 4108 ,

1524 2486 1701 2560 Epigr.
1733 2499 1839 2540 cut
1868 2506 1883 2544 z
1910 2508 1939 2536 οι
1958 2486 2325 2561 Antipolitani,
2362 2487 2553 2552 fateor,

1522 2582 1635 2615 sum
1654 2560 1761 2615 lilia
1771 2561 2009 2635 Thynni:
2026 2563 2202 2616 Essem
2225 2563 2267 2615 si
2284 2563 2545 2627 scombri,

1524 2659 1631 2692 non
1654 2637 1747 2692 tibi
1768 2637 1919 2692 missa
1932 2641 2113 2693 forem.
2128 2662 2155 2688 a·
2170 2640 2245 2693 td.
2268 2639 2360 2692 lib.
2378 2641 2521 2696 xm
2530 2677 2545 2706 ,

1522 2717 1675 2790 Epig.
1698 2731 1802 2770 cu:
1820 2739 1848 2764 σι
1868 2716 2157 2786 Expirantis
2180 2715 2346 2770 adbuc
2366 2737 2549 2772 seom-

1520 2791 1600 2846 bri
1630 2791 1697 2846 de
1726 2789 1977 2867 sanguine
2016 2791 2183 2864 primo
2222 2798 2414 2868 Accipe
2448 2798 2549 2850 fe-

1519 2888 1722 2940 cosam,
1752 2890 1962 2924 munera
1991 2890 2132 2933 cara,
2170 2889 2411 2944 garum.»
2445 2869 2549 2925 So·-

1516 2951 1715 3001 ciomm
1757 2961 1927 3000 autem
1962 2967 2159 3019 garum
2200 2947 2551 3022 appellabatur

1517 3023 1582 3078 ab
1604 3023 1952 3078 inventoribus
1972 3024 2165 3092 Sociis,
2188 3026 2277 3097 qui
2300 3025 2545 3078 videntur

1517 3101 1667 3156 fuisse
1711 3102 1968 3176 publicani
1998 3103 2355 3174 negotiationis
2404 3104 2546 3158 illius

1517 3178 1865 3233 conductores.
1886 3179 2020 3232 Vide
2042 3179 2220 3234 Horat.
2241 3181 2347 3236 Sat.
2363 3181 2398 3233 8
2412 3220 2429 3248 ,
2458 3183 2549 3235 lib.

1518 3257 1916 3325 11,v.46;1>lin.
1937 3259 2052 3312 Nat.
2076 3257 2211 3313 nist.
2228 3260 2313 3313 lib.
2328 3261 2513 3315 ml
2526 3301 2543 3326 ,

1518 3357 1625 3409 cap.
1644 3353 1729 3392 vn
1744 3350 1795 3391 et
1806 3354 1938 3404 vm,
1957 3351 2006 3390 et
2020 3338 2109 3392 tib.
2130 3341 2235 3410 tx,
2256 3360 2360 3417 cap.
2380 3357 2539 3408 xvn;

1516 3418 1717 3470 Auson.
1736 3413 1948 3490 Epistol.
1970 3432 2093 3480 1113
2114 3419 2319 3472 Petu-on.
2341 3419 2543 3473 Satiric.

1516 3515 1623 3565 cap.
1648 3511 1841 3564 xxxv1,·
1877 3497 2144 3570 Apicium,
2188 3499 2249 3552 de
2286 3502 2407 3554 Arte
2442 3523 2544 3554 co·-

1514 3573 1659 3643 quin.
1693 3574 1787 3626 lib·
1811 3575 1912 3627 vlt
1935 3595 2043 3648 cap.
2076 3592 2189 3644 vu,
2218 3589 2323 3629 not.
2347 3578 2379 3629 5
2400 3598 2417 3643 3
2442 3577 2542 3630 lib.

1511 3652 1641 3715 vlt,
1669 3672 1776 3726 cap.
1798 3669 1939 3720 xm,
1969 3667 2075 3706 not.
2103 3656 2151 3720 4.

1572 3731 1622 3784 6.
1657 3730 1825 3785 Salsa
1857 3731 1990 3786 labe.
2018 3731 2151 3802 Quia
2186 3733 2407 3807 piscium
2433 3756 2541 3808 pn-

1513 3809 1833 3861 tresccntium
1869 3829 1911 3863 s.
1943 3813 2207 3862 malorum
2229 3815 2380 3864 sanie
2402 3832 2545 3865 con-

1511 3885 1670 3939 stabat
1692 3906 1869 3958 garum
1885 3925 1900 3950 ,
1928 3900 2051 3941 teste
2073 3887 2243 3942 Plinio
2270 3877 2360 3941 t.'l.
2382 3889 2461 3942 R.

1579 3985 1625 4032 7.
1649 3963 1809 4018 Foedi
1831 3968 2009 4034 itaque
2030 3972 2425 4036 pestilentesque
2440 4009 2457 4028 .
2484 3991 2539 4021 α.

1509 4061 1550 4096 c.
1570 4041 1643 4095 R.
1668 4045 1738 4094 A.
1764 4042 1933 4115 Vulgo
1936 4043 2084 4114 soeds‘
2100 4055 2257 4116 atque
2268 4056 2405 4118 pes!-
2430 4047 2493 4099 S.

2658 4105 2660 4184 ἱ
