2667 4475
315 230 395 298 72
889 208 968 271 L.
1017 204 1374 275 ANNAEI
1420 202 1862 277 SENECAE

307 349 410 400 est
431 383 451 415 ,
499 332 619 401 ubi
667 335 794 401 ista
839 336 1122 427 propius
1157 335 1471 429 aspicias.
1521 372 1601 387 -
1640 335 1783 401 Nec
1818 332 1951 400 hac
1994 354 2115 426 spe
2138 337 2193 417 ¹,
2236 336 2472 428 inquit

307 450 592 543 Sapiens
611 498 636 534 ,
681 450 799 519 illo
835 448 1078 519 fortius
1095 456 1123 487 ²
1159 475 1324 521 exeo
1339 501 1361 537 ,
1399 447 1593 543 quod
1636 464 1871 544 patere
1922 450 2095 517 mihi
2140 452 2231 520 ad
2276 452 2469 522 Deos

307 588 491 635 meos
543 566 676 634 iter
709 566 974 659 judico.
1009 568 1238 635 Merui
1275 566 1552 659 quidem
1600 565 1866 636 admitti
1892 616 1913 649 ‚
1974 582 2045 637 et
2083 568 2228 660 jam
2276 572 2464 640 inter

307 682 462 751 illos
495 682 634 768 fui3
663 684 1103 775 animumque
1133 683 1250 751 illo
1285 706 1512 754 meum
1543 684 1735 767 misi,
1770 697 1838 751 et
1862 682 1953 753 ad
1976 708 2087 753 me
2118 686 2227 757 illi
2256 712 2459 759 suum

307 793 706 868 minei-anst
749 798 886 869 sed
917 798 1065 869 tolli
1097 824 1206 867 me
1246 795 1334 867 de
1378 798 1604 867 medio
1644 814 1844 893 puta,
1884 816 1956 869 et
1985 818 2139 895 post
2172 820 2463 873 mortem

308 913 486 983 nihil
513 940 595 983 ex
621 915 901 985 homine
937 932 1234 1000 restare3
1267 938 1463 1007 aeque
1505 938 1830 1007 magnum
1858 918 2161 986 animum
2198 918 2457 1001 habeo,

311 1030 514 1098 etiam
543 1032 602 1098 si
633 1055 967 1123 nusquam
1009 1032 1419 1101 transiturus
1461 1030 1741 1101 excedo,
1760 1070 1865 1087 —
1882 1036 2038 1102 Non
2064 1048 2203 1102 tam
2228 1034 2461 1103 multis

309 1144 477 1211 vixit
501 1145 736 1229 anniti,
767 1168 972 1237 quam
1003 1142 1267 1238 potuit!
1299 1182 1381 1198 —
1407 1149 1493 1213 Et
1533 1138 1903 1240 paucorum
1934 1170 2254 1218 versuum
2283 1147 2463 1217 liber

201 1296 262 1329 ιο
311 1273 447 1341 est,
486 1272 556 1325 et
581 1258 860 1350 quidem
887 1258 1288 1341 laudandu8‚
1321 1275 1529 1352 atque
1554 1261 1767 1329 utilis.
1804 1260 2103 1331 Annales
2129 1255 2155 1306 ⁴
2176 1262 2461 1330 Tanusii

311 1373 445 1439 scis
494 1396 696 1465 quam
736 1371 1102 1468 ponderosi
1151 1374 1288 1443 sint
1308 1423 1329 1459 ‚
1379 1390 1447 1444 et
1486 1375 1657 1467 quid
1698 1367 2099 1445 vocentur⁵.
2173 1378 2323 1445 Hoc.
2354 1392 2466 1445 est

313 1620 374 1672 ln
405 1619 508 1672 vita
534 1632 703 1673 nostra
729 1620 1025 1673 rescivimus
1041 1656 1057 1683 ,
1090 1636 1206 1689 qua
1235 1618 1340 1672 sint

313 1717 372 1750 ea
389 1736 404 1761 ,
451 1697 588 1750 unde
631 1697 726 1749 illa
765 1711 944 1750 natura
973 1696 1146 1749 omnia
1189 1714 1336 1769 pene-

309 1786 449 1826 trans
474 1786 522 1826 et
549 1793 730 1848 regens
746 1794 798 1827 se
819 1774 1014 1828 attollat
1037 1793 1053 1828 τ
1076 1776 1339 1845 principa·

309 1856 382 1905 lis
399 1890 414 1916 ,
437 1854 684 1921 ἧγσμονηώ
703 1889 717 1912 ,
745 1868 860 1923 quoe
891 1853 1089 1905 ratione
1121 1852 1336 1923 perfecta

311 1928 520 2002 praedita
540 1929 606 1982 ad
622 1928 761 1981 illam
779 1930 1089 1999 majestatem
1109 1948 1162 1980 se
1175 1938 1332 1980 sustu-

311 2006 388 2060 lit.
445 2006 700 2060 Caeterum
741 2006 908 2060 dicere
946 2006 1084 2059 haud
1139 2004 1300 2059 habeo
1313 2042 1328 2069 ,

310 2096 484 2137 utrum
505 2084 806 2137 modestiam
818 2084 874 2136 in
896 2083 976 2137 his
991 2122 1008 2149 ‚
1027 2104 1092 2135 an
1113 2083 1332 2137 nimiam

313 2164 455 2217 istius
479 2162 788 2238 cognitionis
816 2162 1202 2218 estimationem
1222 2163 1333 2215 mi·-

313 2262 412 2295 rer.
439 2241 618 2296 Ruhk.

389 2341 428 2377 ι.
455 2323 564 2377 Nec
585 2322 682 2378 hac
703 2332 861 2394 spe...
884 2325 1070 2389 judaeo.
1102 2321 1220 2375 Non
1243 2321 1333 2374 illa

313 2419 424 2473 spes
439 2401 641 2474 propius
663 2403 758 2454 ista
779 2401 1060 2477 aspiciendi
1083 2399 1216 2452 mihi
1231 2419 1335 2452 ma-

315 2477 480 2552 jorem
497 2479 698 2533 fortitud
707 2479 844 2533 inem
854 2479 992 2534 dedit
1002 2479 1140 2532 evita
1151 2497 1334 2532 exeun-

317 2555 374 2608 di
386 2557 454 2608 ad
473 2557 594 2610 deos
613 2576 755 2611 meos
771 2597 786 2624 ,
811 2576 1030 2629 quorum
1047 2556 1334 2612 membrum

319 2645 368 2685 et
390 2653 502 2706 pars
521 2653 648 2688 sum·
669 2633 772 2687 sed
797 2629 997 2688 etiamsi
1027 2647 1158 2688 totus
1177 2653 1335 2692 essem

315 2716 566 2786 periturus
585 2753 600 2781 ,
624 2733 768 2785 oeque
805 2727 1021 2768 mortem
1056 2733 1170 2766 eam
1199 2733 1335 2766 con·-

315 2805 596 2846 temnerem
613 2833 628 2858 ,
647 2807 760 2866 post
780 2813 932 2864 quam
958 2793 1194 2868 defuneto
1206 2792 1340 2850 mihi

319 2888 566 2942 nusquam
593 2869 735 2924 locus
758 2883 901 2924 esset.
923 2871 1107 2925 Ruhk.
1331 2865 1361 2940 ξ’

385 2969 433 3001 2.
454 2949 785 3019 Illofhrtius.
808 2947 978 3023 Vulgo
993 2988 1010 3018 ,
1039 2952 1208 3020 inquit
1237 2969 1339 3004 sa·-

304 3029 466 3094 piens
487 3028 576 3079 ille
594 3027 824 3096 ,fiir-tius
845 3045 979 3080 exeo
997 3063 1012 3090 ,
1028 3047 1150 3080 >cum
1170 3048 1262 3081 ms.
1285 3049 1343 3082 a..

321 3116 370 3156 et
404 3103 476 3155 R.
511 3105 583 3156 Α.
611 3105 813 3158 Placuit
841 3107 1140 3178 illofhrtius·
1163 3126 1296 3160 exeo
1315 3143 1333 3171 ,

319 3181 458 3252 quod
479 3181 620 3234 dedit
641 3201 735 3234 ms.
756 3201 801 3236 c.
824 3183 930 3236 sive
949 3203 1008 3236 eo
1013 3185 1215 3257 fortius·
1245 3186 1339 3238 in-

317 3259 516 3332 telligas
533 3301 549 3328 ,
575 3259 681 3312 sive
707 3263 799 3314 mo
821 3281 910 3335 pro
932 3263 1056 3314 illuc
1081 3262 1294 3336 accipias
1319 3267 1344 3329 ,'

215 3387 226 3396 .
321 3351 380 3392 ut
401 3340 582 3413 soepius
603 3340 759 3406 alibi;
791 3339 874 3394 cui
899 3341 1020 3394 dein
1041 3344 1343 3415 respondeat

318 3418 456 3488 quod
471 3418 714 3489 sequitur,
725 3437 989 3489 nusquam
1005 3421 1339 3474 transiturus.

321 3495 380 3550 Si
402 3499 493 3550 ille
515 3497 566 3549 h.
589 3497 623 3549 l.
646 3497 841 3573 scripsit
867 3497 1087 3565 Seneca,
1111 3501 1339 3552 referen-

321 3574 443 3626 dum
469 3575 566 3628 hoc
584 3576 736 3629 fucrit
750 3577 816 3629 ad
839 3596 899 3628 ea
913 3595 1027 3646 quae
1050 3596 1196 3647 supra
1218 3579 1340 3631 :ille

319 3671 444 3704 vero
471 3655 738 3722 gloriatur·
764 3656 1015 3706 audacter
1043 3673 1060 3706 .·
1085 3666 1134 3706 et
1162 3654 1339 3708 vocab.

319 3735 532 3800 sapiens
551 3753 578 3785 e
591 3731 788 3785 scholio
803 3735 828 3785 s
823 3732 956 3786 uerit
966 3731 1340 3803 interpolatum.

319 3807 494 3862 Schw:

387 3887 434 3938 3.
461 3887 738 3951 BIisemnt,
753 3907 806 3940 a.
825 3907 867 3940 c.
887 3888 960 3940 Α.
975 3888 1148 3960 Vulgo
1169 3892 1339 3942 mise-

321 3974 454 4020 tunt.
477 3965 638 4019 Schw-

1500 1622 1548 1687 4.
1576 1618 1806 1675 Tanusii
1820 1634 1953 1673 recte
1980 1638 2074 1673 ms.
2096 1638 2153 1673 a.
2177 1619 2289 1673 Nec
2306 1620 2469 1673 aliud

1436 1696 1715 1751 debuerant
1734 1719 1776 1752 c.
1792 1700 1864 1753 R.
1881 1702 1953 1751 A.
1986 1698 2042 1751 in
2067 1696 2249 1769 quibus
2278 1697 2467 1770 legitur

1443 1778 1497 1830 Τ
1488 1782 1687 1834 amisii.
1709 1778 1871 1835 Scbw.
1886 1808 1955 1821 -
1976 1780 2207 1832 Tanusii
2230 1790 2471 1853 prestant
2588 1784 2593 1789 ’

1435 1855 1587 1909 codd.
1607 1870 1659 1910 et
1677 1859 1880 1930 prafert
1908 1857 2031 1910 Ger.
2052 1856 2137 1910 Jo.
2161 1856 2371 1911 Vossius
2400 1855 2467 1911 de

1429 1932 1564 1986 Hist-
1596 1936 1707 1987 Lat.
1739 1936 1767 1987 Ι
1798 1956 1848 2009 p.
1874 1938 1939 2006 59
1968 1936 2049 1989 ed.
2080 1934 2222 1987 Fref.
2254 1936 2467 1989 Anteaz

1437 2010 1491 2062 Τ
1482 2017 1699 2067 amasii.
1732 2012 1915 2065 Ruhk.

1494 2090 1544 2142 5.
1560 2087 2026 2144 Pond...vocen!ur.
2040 2088 2197 2158 Quod
2208 2088 2361 2163 vulgo
2376 2089 2467 2145 hie

1429 2166 1685 2242 legebatur
1698 2206 1713 2231 ,
1736 2185 1840 2221 non
1860 2170 2033 2221 decori
2052 2206 2068 2231 ,
2095 2178 2184 2220 aut
2197 2204 2214 2232 ‚
2239 2167 2381 2240 quod
2406 2188 2469 2221 ex

1430 2247 1595 2300 mistis
1606 2247 1913 2319 quibusdam
1930 2245 2142 2318 (quibus
2160 2247 2355 2300 accedit
2368 2267 2467 2302 no·

1428 2337 1530 2378 ster
1558 2344 1607 2378 c.
1646 2337 1697 2378 et
1724 2323 1805 2379 ed.
1843 2324 1917 2375 Α.
1944 2326 1963 2390 )
1992 2321 2175 2376 ascivit
2205 2321 2467 2397 Ruhkops.

1428 2424 1533 2458 non
1556 2407 1811 2468 decorose,
1832 2402 1888 2457 id
1906 2401 2133 2456 alienum
2156 2414 2263 2454 erat
2285 2400 2347 2454 ab
2366 2401 2471 2458 hoe

1429 2480 1567 2548 loco,
1583 2482 1675 2535 ubi
1696 2481 1779 2534 vel
1799 2481 1988 2552 longus
2006 2479 2158 2544 liber,
2189 2479 2273 2530 vel
2291 2478 2471 2534 brevis

1434 2574 1540 2614 erat
1560 2559 1922 2618 nominandus.
1955 2556 2123 2611 Unice
2148 2575 2331 2610 verum
2358 2569 2470 2609 erat

1428 2640 1709 2708 ponderosi
1717 2676 1733 2703 ,
1748 2635 1889 2708 quod
1900 2635 2089 2688 latebat
2098 2634 2155 2687 in
2170 2637 2471 2700 nonderosi,

1435 2716 1575 2788 quod
1608 2715 1764 2770 habet
1794 2727 1964 2768 noster
1996 2733 2093 2766 ms.
2124 2732 2177 2765 a.
2209 2729 2327 2765 eum
2348 2712 2468 2764 aliis

1436 2793 1569 2866 apud
1602 2795 1749 2867 Binc.
1780 2793 1890 2846 Nec
1918 2811 2042 2845 vero
2067 2787 2217 2843 nobis
2250 2788 2469 2842 debetur

1434 2869 1547 2927 haec
1577 2870 1895 2934 emendati03
1921 2889 2042 2922 nam
2065 2867 2123 2920 in
2160 2865 2343 2920 eodem
2372 2885 2473 2920 ms.

1433 2971 1488 3005 a.
1513 2950 1734 3004 litteram
1761 2971 1802 3019 p
1829 2949 1895 3002 ad
1918 2957 2259 3000 monstrosam
2284 2963 2469 2998 vocem

1434 3030 1713 3084 nonderosi
1746 3028 1848 3101 jam
1882 3025 1983 3078 alia
2030 3041 2210 3076 manus
2244 3041 2471 3095 superne

1435 3103 1744 3180 appinxerat.
1774 3103 2024 3158 Similiter
2055 3121 2177 3154 vero
2206 3112 2254 3154 et
2284 3099 2471 3152 Cicero

1428 3186 1784 3254 ponder-osam
1796 3183 2077 3251 epistolam
2098 3179 2293 3232 dixerat
2310 3217 2326 3240 ,
2348 3181 2475 3230 lon-

1428 3281 1563 3331 gam
1599 3259 1911 3335 significans.
1942 3257 2106 3320 Schm.
2131 3284 2201 3300 ·-
2237 3256 2499 3353 opponi?

1436 3341 1635 3394 Seneca
1653 3339 1845 3392 librum
1866 3337 2061 3409 exiguae
2082 3333 2233 3388 molis
2252 3334 2345 3387 sed
2364 3333 2475 3387 uti-

1432 3417 1555 3483 lem,
1569 3437 1719 3489 quem
1738 3436 1855 3470 cum
1866 3415 2013 3468 brevi
2026 3425 2079 3467 at
2090 3413 2353 3474 laudanda
2364 3410 2473 3466 vita

1434 3509 1693 3570 comparat
1707 3534 1722 3562 ,
1748 3494 2037 3549 Annalibus
2060 3492 2307 3558 Tanusii,
2328 3490 2463 3546 libro

1432 3577 1550 3630 satis
1562 3575 1730 3646 amplo
1746 3575 1833 3628 sed
1850 3593 2004 3649 pravo
2025 3584 2072 3625 ct
2088 3569 2256 3624 deriso
2271 3607 2286 3635 ,
2310 3589 2469 3640 quem

1436 3665 1695 3726 comparat
1724 3664 1842 3705 cum
1878 3651 1983 3710 vita
2017 3651 2174 3722 longa
2210 3661 2262 3702 at
2284 3667 2471 3720 parum

1438 3730 1569 3783 utili.
1594 3731 1715 3784 Fuit
1734 3749 1895 3801 quum
1920 3728 2191 3782 arbitrarer
2212 3763 2228 3790 ,
2255 3724 2472 3782 annales

1438 3811 1652 3864 Tanusii
1680 3809 2027 3886 explicationis
2063 3827 2167 3861 esse
2202 3805 2315 3861 loeo
2348 3803 2473 3865 libri

1439 3907 1713 3961 paucorum
1740 3905 1979 3941 versuum
2004 3900 2155 3956 atque
2180 3884 2335 3938 utilis.
2360 3883 2471 3937 Sed

1440 3967 1636 4021 Seneca
1673 3965 1835 4037 magis
1874 3964 2031 4037 digna
2063 3963 2261 4018 videtur
2290 3961 2467 4021 ratio,
