2667 4475
718 351 779 420 E
826 351 1185 422 LIBRIS
1230 351 1700 424 SENECA-3.
2149 355 2284 449 457

145 485 225 552 in
250 481 546 552 minimis
575 503 849 576 quoque
869 477 1225 576 speculum'
1240 505 1482 578 ponas.
1501 483 1674 552 Nam
1704 479 1858 550 talis
1883 496 1956 551 et
1985 495 2123 552 tam
2147 485 2289 554 cir-

144 600 445 668 cumcisa
472 597 631 668 vilis
655 595 1007 694 putabitur
1035 598 1420 692 integritas.
1447 599 1594 668 Hac
1619 617 1786 690 ergo
1807 595 2290 670 mediocritatis

145 716 334 788 linea
358 715 848 786 continentiam
887 712 1279 784 observabis
1297 763 1318 798 ‚
1351 730 1430 784 ut
1453 738 1586 786 nec
1614 714 1942 806 voluptati
1973 711 2243 786 deditus
2261 765 2287 805 ‚

149 829 480 926 prodigus
529 845 597 900 et
640 829 1025 898 luxuriosus
1073 851 1400 923 appareas
1424 880 1444 914 ,
1505 851 1638 900 nec
1683 852 1888 920 avara
1933 831 2294 902 tenacitate

150 942 466 1015 sordidus
481 994 504 1031 ,
541 959 661 1016 aut
694 943 1021 1015 obscurus
1054 944 1321 1014 existas.

485 1159 836 1216 Quam-rna
876 1139 992 1220 ⁸2¹²
1033 1157 1469 1201 nonnantns
1508 1155 1846 1200 susi-1111.

254 1297 525 1368 lustitia
561 1312 898 1392 postremo
932 1319 1013 1367 eo
1044 1293 1532 1367 mediocritatis
1567 1294 1693 1364 tibi
1719 1295 1971 1366 itinere
2002 1292 2308 1390 regenda

152 1427 300 1499 est,
329 1430 409 1482 ut
430 1437 559 1483 nec
589 1412 799 1483 ductu
829 1413 1095 1508 Jupiter
1121 1410 1257 1483 levi
1291 1411 1423 1504 (al.
1457 1411 1630 1502 leni)
1667 1411 2022 1481 immotam·
2037 1433 2310 1505 semper

152 1530 371 1599 animi
404 1531 738 1600 rationem
767 1527 1189 1624 negligentia
1219 1525 1702 1619 subsequatur.
1740 1527 1924 1598 Dum
1959 1549 2186 1619 neque
2218 1522 2308 1595 de

154 1645 425 1738 magnis
475 1669 701 1739 neque
763 1645 849 1716 de
899 1645 1195 1713 minimis
1226 1639 1626 1713 'errantium
1677 1643 1861 1712 vitiis
1913 1635 2310 1738 corrigendi

156 1781 397 1827 curam
424 1759 642 1853 geris,
686 1756 805 1828 sed
832 1781 1057 1850 neque
1082 1759 1432 1827 licentiam
1461 1757 1790 1852 peccandi
1815 1808 1837 1842 ,
1866 1773 1986 1826 ant
2005 1754 2313 1827 alluden-

157 1873 348 1944 tibus
387 1873 513 1944 tibi
568 1872 818 1944 blande
846 1924 869 1958 ‚
923 1890 1044 1944 aut
1075 1871 1526 1946 illudentibus
1557 1889 1875 1970 proterve
1919 1872 2256 1970 permittis
2291 1920 2312 1957 ,

157 2013 391 2082 neque
422 2013 660 2060 rursus
688 1990 901 2060 nimia
924 1987 1273 2084 rigiditate
1297 2004 1370 2059 et
1393 1990 1756 2084 asperitate
1775 2037 1803 2078 ,
1831 1987 1932 2056 nil
1956 1988 2174 2058 veniae
2201 2003 2320 2056 aut

156 2107 573 2201 benignitati
602 2127 959 2178 reservans
978 2155 999 2188 ‚
1039 2105 1356 2175 humanae
1384 2106 1690 2175 societati
1717 2103 1930 2176 durus
1957 2128 2313 2200 appareas.

157 2224 275 2292 Ita
302 2245 468 2317 ergo
494 2220 773 2317 justitias
798 2223 1042 2319 regula
1071 2219 1370 2300 tenenda
1393 2235 1498 2291 est
1515 2272 1538 2307 ,
1565 2238 1659 2291 ⁴ut
1681 2222 2066 2290 reverentia
2101 2217 2322 2289 disci-

159 2339 373 2433 plinae
417 2340 603 2433 ejus,
641 2363 867 2434 neque
915 2342 1129 2409 nimia
1161 2338 1602 2432 negligentias
1656 2338 2136 2406 communitate
2183 2335 2318 2405 de-

162 2470 402 2550 specta
426 2455 707 2524 vilescat
722 2504 746 2543 ,
777 2477 1002 2548 neque
1028 2454 1353 2523 severiori
1381 2454 1734 2529 atrocitate
1761 2448 2088 2522 diuturna
2103 2502 2128 2538 ,
2161 2476 2318 2547 gra·-

168 2573 337 2639 tiam
368 2570 685 2643 humanae
720 2568 1153 2640 amabilitatis
1189 2568 1481 2637 amittat.

750 2782 1145 2827 CONCLUSIO
1186 2780 1736 2827 »aautssoaum

270 2927 347 2996 si
377 2926 532 3020 quis
552 2948 721 3019 ergo
745 2926 955 2995 vitam
989 2945 1179 2992 suam
1207 2920 1296 2991 ad
1332 2922 1698 2992 utilitatem
1733 2944 1876 2992 non
1909 2937 2172 2990 tantum
2197 2944 2318 3015 pa-

170 3044 310 3112 riat
326 3092 349 3127 ‚
390 3039 510 3112 sed
536 3042 901 3112 multorum
941 3036 1456 3132 inculpabiliter
1491 3061 1898 3134 componere
1929 3036 2271 3106 desiderat
2291 3088 2312 3122 ,

168 3160 359 3227 hanc
399 3157 873 3254 praedictarum
920 3157 1252 3227 virtutum
1300 3152 1656 3224 formulam
1704 3176 1831 3248 pro
1881 3152 2321 3245 qualitatibus

172 3292 564 3368 temporum
581 3322 605 3361 ,
630 3271 931 3343 locorum
952 3319 973 3355 ,
997 3284 1445 3365 personarum
1469 3285 1678 3363 atque
1705 3292 2056 3338 causarum
2077 3292 2320 3361 sequa-

172 3409 323 3478 tur,
352 3412 436 3460 eo
462 3387 949 3460 mediocritatis
972 3387 1297 3456 insistens
1318 3436 1342 3469 ‚
1377 3410 1516 3479 quo
1543 3410 1672 3483 per
1693 3384 1988 3480 abrupta
2011 3384 2321 3455 altrime-

172 3530 305 3577 cus
336 3506 714 3599 praecipitia
738 3555 760 3589 ,
814 3519 936 3574 aut
966 3517 1276 3571 ruentem
1306 3504 1613 3598 eorporis
1646 3501 1905 3575 devitet
1937 3503 2268 3573 insaniam
2292 3551 2311 3587 ,

172 3640 304 3695 aut
332 3622 743 3695 efficientem
772 3622 1013 3718 puniat
1042 3618 1409 3713 ignaviam.
