2667 4475
308 337 311 340 ’
405 323 535 409 458
1089 365 1099 376 -
1176 315 1747 390 EXCERPTA

778 561 914 632 lv.
972 577 1076 634 nn
1126 576 1530 634 nonnus
1579 577 1841 634 usna
1892 575 2144 633 unus.

484 763 514 790 «ι
542 731 955 816 Gmomologia
976 730 1101 794 haec
1135 743 1257 808 est,
1284 752 1407 792 non
1434 752 1505 792 ex
1527 727 1762 794 Seneca
1793 744 2045 794 tantum.
2079 729 2309 797 Insunt
2327 729 2516 795 mimi
2535 780 2553 806 ,

395 855 456 906 et
488 839 841 929 Pythagorae
884 822 1157 921 quaedam
1179 884 1197 915 ‚
1238 852 1550 922 postremo
1589 837 1658 898 fit
1687 839 1915 900 mentio
1959 837 2213 901 diaboli.
2243 838 2554 903 Videntur

394 951 665 1032 quaedam
699 950 981 1030 decerpta
1009 967 1080 1007 ex
1120 945 1461 1029 proverbiis
1507 941 1868 1008 Salomonis.
1917 973 1947 1002 a·
1993 945 2233 1007 Erasm.

477 1053 631 1118 Sunt
654 1054 905 1116 totidem
934 1052 1220 1115 distinctae
1248 1064 1307 1113 et
1332 1051 1583 1114 minime
1611 1052 1769 1114 inter
1803 1073 1868 1114 se
1896 1074 2182 1115 connexae
2213 1057 2552 1118 sententiae.

394 1161 469 1225 In
499 1162 639 1225 edit.
668 1158 884 1244 Sulpit.
912 1155 1123 1244 sapidi
1142 1153 1324 1242 supra
1344 1172 1682 1222 memorata
1705 1205 1722 1236 ,
1749 1159 1994 1244 singulae
2025 1163 2315 1224 numeris
2349 1163 2550 1226 distin·

392 1281 653 1354 guantur
672 1315 691 1349 ‚
726 1268 810 1332 ita
836 1279 902 1332 ut
930 1267 1047 1330 sint
1082 1279 1245 1328 cmxl.

490 1469 713 1539 Omne
749 1483 1100 1563 peccatum
1137 1467 1313 1536 actio
1341 1480 1468 1535 est.
1499 1464 1696 1534 Actio
1723 1479 1947 1534 autem
1976 1466 2203 1534 omnis
2239 1469 2546 1538 volunta-

394 1587 499 1656 ria
531 1600 667 1670 est,
710 1599 846 1653 tam
883 1584 1169 1653 honesta
1198 1607 1403 1676 quam
1439 1581 1694 1676 turpis,
1735 1604 1905 1674 ergo
1935 1580 2420 1654 voluntarium
2452 1600 2548 1652 est

393 1727 592 1774 omne
643 1718 1016 1797 peccatum.
1056 1701 1254 1770 Tolle
1309 1700 1802 1768 excusationem
1823 1749 1842 1779 ‚
1893 1719 2096 1766 nemo
2145 1718 2406 1792 pecoet
2439 1703 2544 1768 in-

390 1820 598 1886 vitus.
630 1816 956 1886 Educatio
996 1833 1065 1884 et
1097 1814 1460 1910 disciplina
1495 1839 1720 1884 mores
1753 1814 2042 1898 faciunt,
2083 1829 2157 1882 et
2201 1815 2282 1882 id
2323 1843 2542 1886 unus·-

390 1933 681 2025 quisque
742 1931 918 2024 sapit
938 1982 957 2012 ‚
1010 1929 1196 2024 quod
1247 1930 1513 2000 didicit.
1566 1933 1805 2023 Itaque
1854 1929 2036 1998 bona
2105 1933 2538 2004 consuetudo

340 2065 345 2070 ⁴
385 2061 698 2116 excutere
725 2043 929 2115 debet
949 2097 970 2130 ,
1007 2045 1194 2140 quod
1233 2047 1409 2115 mala
1451 2049 1793 2115 instruxit.
1835 2046 2026 2117 Nihil
2069 2049 2374 2118 interest
2409 2074 2540 2144 quo

388 2165 615 2232 animo
643 2164 847 2237 facias
870 2214 890 2248 ‚
926 2163 1113 2257 quod
1158 2164 1395 2234 fecisse
1429 2165 1740 2234 vitiosum
1775 2179 1916 2247 est,
1954 2163 2116 2257 quia
2147 2164 2342 2233 sacta
2387 2191 2538 2237 cer·

387 2284 669 2365 utimur,
716 2282 987 2350 'animus
1033 2303 1199 2350 vero
1239 2305 1380 2349 non
1411 2280 1707 2348 videtur.
1745 2278 1949 2349 Nulla
1977 2295 2208 2348 autem
2241 2282 2403 2351 laus
2441 2299 2538 2351 est

388 2423 525 2469 non
579 2400 849 2485 facere,
906 2396 1091 2491 quod
1137 2400 1360 2467 facere
1399 2420 1536 2466 non
1567 2398 1811 2489 possis.
1853 2395 2050 2489 Quid
2099 2398 2382 2469 bomini
2438 2416 2536 2469 est

386 2516 975 2585 inimicissimum?
1006 2516 1233 2582 homo.
1267 2514 1595 2583 Libenter
1629 2514 1804 2582 fetas
1839 2514 2028 2607 quod
2057 2538 2352 2586 necesse
2389 2536 2526 2602 est,

388 2630 583 2700 dolor
601 2632 925 2724 patientia
938 2630 1261 2699 vincitur.
1288 2633 1611 2723 Exspecta
1628 2654 1764 2722 quo
1792 2654 2137 2724 nunquam
2159 2634 2526 2724 poeniteas.

386 2750 537 2815 Non
586 2770 789 2839 quam
834 2747 1065 2816 multis
1099 2746 1371 2839 placeas
1394 2796 1417 2832 ,
1475 2746 1597 2814 sed
1646 2745 1962 2838 qualibus
2011 2746 2236 2815 stude.
2279 2749 2370 2817 In
2401 2750 2529 2819 hoc

382 2877 639 2931 tantum
686 2863 1043 2949 incumbe,
1094 2878 1172 2932 ut
1221 2862 1547 2931 libentius
1599 2862 1872 2949 audias,
1936 2886 2139 2955 quam
2186 2862 2520 2955 loquaris.

289 3058 293 3063 ,
380 2980 634 3050 Multos
674 2983 882 3051 vitam
919 2980 1349 3075 differentes,
1391 3004 1572 3049 mors
1610 2981 1850 3071 juncta
1881 2980 2241 3074 praevenit.
2283 2982 2524 3075 ltaque

384 3098 603 3165 omnis
629 3095 776 3165 dies
811 3094 997 3163 velut
1041 3095 1316 3164 ultimus
1341 3095 1714 3189 judicetur.
1756 3095 2134 3164 Tristitiam
2181 3099 2240 3163 si
2289 3115 2518 3191 potes,

384 3236 473 3281 ne
508 3212 899 3299 admiseris3
943 3212 1049 3282 sin
1089 3214 1313 3280 minus
1334 3262 1354 3297 ‚
1402 3236 1492 3281 ne
1527 3212 1928 3281 ostenderis.
1960 3212 2235 3281 Amicos
2261 3230 2524 3284 secreto

260 3383 279 3393 -
378 3328 665 3397 admone
685 3379 708 3415 ,
739 3328 962 3422 palam
988 3345 1211 3399 autem
1242 3329 1469 3423 lauda.
1503 3329 1728 3401 verba
1755 3328 1965 3400 rebus
1983 3381 2002 3413 ,
2035 3353 2181 3398 non
2201 3336 2521 3425 personis

381 3446 768 3514 aestimanda
810 3463 990 3516 sunt.
1033 3447 1392 3517 Oratorem
1441 3462 1507 3515 te
1542 3463 1744 3540 puta,
1781 3448 1837 3514 si
1879 3446 2006 3515 tibi
2049 3462 2212 3515 ante
2241 3472 2512 3535 omnes,

380 3565 565 3657 quod
604 3580 869 3657 oportet
914 3566 1356 3657 persuaseris.
1396 3568 1486 3635 Ut
1529 3566 1879 3634 licentiosa
1921 3567 2262 3660 mancipia
2308 3568 2514 3635 animi

380 3678 668 3771 imperio
714 3701 953 3747 coerce
996 3678 1334 3771 linguam,
1388 3695 1698 3747 ventrem
1759 3695 1827 3747 et
1879 3679 2264 3748 libidinem.
2309 3678 2513 3774 Quod

380 3798 658 3865 tacitum
684 3818 830 3865 esse
853 3794 1056 3881 velis,
1091 3796 1348 3863 nemini
1381 3796 1663 3865 dixeris.
1690 3797 1762 3866 Si
1789 3796 1914 3865 tibi
1954 3820 2094 3865 non
2120 3798 2508 3892 imperasti,

378 3912 715 4006 quomodo
734 3911 822 3980 ab
839 3911 973 3979 alio
1002 3911 1344 3980 silentium
1367 3936 1598 4006 speras
1613 3912 2043 3981 PRidiculum
2063 3928 2168 3981 est
2181 3912 2507 4006 aliquem,

378 4030 533 4099 odio
567 4030 874 4100 nocentis
896 4082 913 4115 ‚
950 4030 1400 4099 innocentiam
1440 4030 1754 4124 perdere.
1800 4032 2106 4099 Monstro
2143 4031 2394 4101 similis
2417 4048 2512 4100 est
