2667 4475
428 308 504 393 14
753 260 760 271 ’
983 310 1061 376 L.
1115 306 1473 377 ANNAEI
1524 308 1955 377 SENECAE

1032 758 1693 845 EPISTOLA
1753 760 1937 845 XC.

1360 1030 1627 1049 *-

515 1327 650 1365 LAus
685 1325 1070 1365 Pnttosorfflffl
1095 1328 1108 1361 :
1133 1324 1206 1363 An
1242 1325 1415 1363 uum
1453 1324 1643 1363 somus
1678 1324 1850 1363 Amul
1890 1326 2086 1365 cultam
2123 1325 2471 1393 Pqnvmssnss.

484 1442 680 1501 'Laudes'
703 1448 930 1501 continet
951 1443 1327 1519 Philosophia,
1362 1462 1475 1516 quae
1498 1444 1597 1497 hoc
1620 1441 1779 1499 efficit
1800 1482 1815 1511 ,
1849 1458 1907 1497 ut
1928 1444 2060 1498 bene
2094 1447 2343 1500 vivamus.
2372 1448 2419 1499 A
2456 1448 2569 1500 Diis

416 1532 626 1605 quidem
651 1550 757 1585 non
784 1532 898 1584 data
924 1542 1019 1595 est,
1047 1530 1134 1582 sed
1161 1530 1371 1582 facultas
1396 1528 1792 1601 philosophandi
1816 1529 2058 1582 omnibus
2080 1529 2267 1583 tributa
2290 1544 2379 1585 est.
2405 1531 2481 1583 Ea
2508 1532 2565 1583 dc

417 1618 726 1690 gravissimis
741 1656 756 1682 ,
785 1616 817 1668 i.
840 1638 883 1667 e.
906 1614 970 1667 de
993 1614 1182 1668 divinis
1200 1612 1540 1684 humanisque
1560 1612 1705 1665 rehus
1730 1632 1905 1665 verum
1926 1613 2158 1667 invenire
2177 1614 2353 1669 docuit
2368 1656 2386 1683 ,
2416 1617 2565 1670 vitam

417 1702 688 1766 formavit,
717 1702 970 1754 consortia
991 1714 1040 1753 et
1069 1699 1284 1773 imperia
1305 1696 1555 1761 instituit,
1590 1710 1771 1751 natura
1796 1698 1940 1751 duce.
1974 1698 2151 1752 Primo
2180 1702 2321 1753 enim
2346 1702 2563 1764 seculo,

416 1787 552 1859 quod
579 1805 786 1839 aureum
825 1798 1037 1853 vocant,
1069 1784 1319 1857 sapientes
1352 1782 1635 1855 regnabant
1656 1824 1670 1851 ,
1703 1783 1887 1854 quibus
1924 1782 2103 1857 primae
2139 1784 2276 1859 leges
2302 1787 2566 1841 debentur.

418 1874 564 1922 Artes
587 1890 790 1941 quoque
811 1869 1006 1922 invenit
1029 1866 1365 1941 philosophia.
1390 1866 1646 1920 Hactenus
1672 1866 1952 1919 Posidonio
1972 1869 2351 1921 assentiendum
2370 1870 2565 1924 estzsed

416 1954 634 2024 reliquas
655 1966 783 2005 artes
801 1993 814 2019 ,
842 1952 1024 2023 quibus
1046 1954 1148 2005 vita
1184 1950 1467 2006 communis
1498 1949 1721 2022 quotidie
1750 1950 1935 2020 utitur,
1960 1952 2310 2026 Philosophia
2342 1974 2453 2008 non
2482 1954 2567 2006 tri-

414 2037 641 2091 buendas
668 2058 772 2090 esse
791 2076 808 2104 ,
829 2037 1016 2111 quippe
1033 2056 1149 2108 quo
1175 2054 1344 2107 neque
1373 2036 1599 2089 avaritia
1627 2056 1795 2106 neque
1830 2037 2043 2090 luxuriae
2067 2037 2279 2107 aliisque
2312 2038 2455 2091 vitiis
2478 2039 2567 2091 in-

415 2122 644 2175 serviisse
667 2142 774 2173 non
798 2120 1012 2175 dicenda
1036 2134 1124 2175 est.
1148 2122 1324 2191 Neque
1360 2123 1663 2173 ferramenta
1688 2120 1886 2175 fabrilia
1902 2159 1917 2185 ,
1944 2140 2112 2193 neque
2136 2122 2257 2174 ferri
2286 2122 2493 2174 metalla
2522 2136 2565 2173 et

417 2207 530 2260 teris
548 2245 563 2273 ,
589 2225 752 2277 neque
777 2204 990 2260 malleus
1011 2205 1288 2279 forcipesve
1307 2245 1324 2269 ,
1355 2216 1470 2272 etc.,
1496 2204 1803 2278 sapientibus
1828 2204 1955 2257 viris
1980 2216 2147 2258 ortum
2172 2225 2319 2258 suum
2342 2204 2529 2258 debent
2548 2247 2561 2270 ,

413 2309 572 2361 quum
594 2288 851 2361 sapientie
871 2288 937 2341 sit
957 2329 972 2356 ,
999 2289 1278 2342 necessaria
1313 2288 1586 2341 emendare
1609 2326 1624 2353 ‚
1656 2289 1859 2342 delicias
1886 2289 2139 2363 despicere
2158 2329 2173 2356 ,
2198 2289 2357 2343 verbo
2375 2331 2393 2353 ,
2414 2303 2563 2344 natu-

413 2395 532 2442 ram,
545 2375 688 2447 sequi
709 2375 928 2448 3quippe
951 2393 1065 2444 que
1093 2393 1200 2426 non
1219 2375 1391 2427 omisit
1414 2376 1599 2426 offerre
1621 2375 1799 2426 omnia
1815 2413 1831 2440 ,
1854 2393 1966 2446 quae
1988 2376 2054 2428 ad
2080 2376 2348 2441 vestitum,
2371 2377 2438 2430 ad
2472 2377 2563 2430 fri-

415 2460 552 2534 goris
587 2459 830 2514 calorisve
868 2460 972 2511 vim
1009 2458 1280 2511 arcendam
1319 2458 1506 2510 idonea
1528 2497 1542 2524 ,
1586 2469 1635 2508 et
1656 2456 1844 2528 ubique
1874 2457 2044 2511 facilia
2078 2457 2319 2522 inventu,
2358 2460 2469 2512 sine
2494 2473 2561 2512 tot

415 2541 602 2595 artibus
617 2581 632 2610 ,
655 2555 834 2614 praesto
851 2553 1029 2592 essent.
1045 2541 1323 2592 Enimvero
1347 2557 1374 2590 a
1398 2549 1577 2590 natura
1599 2536 1901 2591 descivimus
1923 2578 1938 2605 ,
1964 2559 2059 2592 nec
2083 2540 2307 2592 contenti
2333 2539 2421 2606 iis,
2452 2560 2559 2612 quae

413 2637 543 2677 terra
562 2626 619 2676 in
643 2644 844 2677 summo
869 2626 1026 2678 ferret
1047 2661 1062 2689 ,
1093 2642 1304 2698 magnas
1327 2623 1615 2693 multasque
1648 2635 1775 2677 artes
1800 2623 2081 2678 commenti
2102 2643 2275 2676 sumus
2292 2659 2309 2687 ,
2332 2643 2447 2696 quae
2484 2641 2558 2678 su·

415 2727 662 2780 pervacua
680 2746 694 2772 ,
716 2708 964 2760 contraria
989 2719 1223 2776 quaerunt
1249 2719 1298 2757 et
1323 2707 1526 2778 corpori
1551 2720 1701 2777 atque
1726 2707 2029 2759 libidinibus
2050 2707 2349 2760 inserviunt.
2375 2709 2555 2761 Parum

415 2791 583 2862 itaque
612 2791 892 2843 Posidonio
931 2791 1244 2854 assentiaris,
1283 2789 1373 2862 qui
1407 2790 1669 2843 textricum
1703 2792 1831 2844 adeo
1866 2805 2023 2844 artem
2047 2811 2076 2843 a
2098 2792 2406 2865 sapientibus
2440 2791 2559 2844 dixit

411 2875 674 2926 inventam
697 2886 746 2925 et
764 2873 1126 2944 agriculturam
1148 2913 1163 2940 ‚
1189 2873 1461 2945 pistrinum
1484 2871 1896 2948 panificiumque.
1917 2875 2023 2928 Sed
2045 2875 2184 2929 enim
2209 2877 2334 2929 ratio
2358 2875 2554 2948 quidem

413 2957 636 3010 humana
661 2955 768 3010 haec
790 2956 990 3008 invenit
1015 2993 1030 3022 ,
1061 2957 1151 3010 scd
1181 2977 1289 3009 non
1316 2970 1450 3010 recta
1488 2957 1635 3010 ratio.
1654 2957 1763 3011 Nec
1784 2979 1814 3012 a
1838 2959 2065 3032 sapiente
2100 2961 2309 3013 inventa
2339 2971 2452 3013 sunt
2470 2959 2551 3014 illa

366 3061 375 3069 ·
415 3042 636 3106 minora,
653 3059 767 3112 quae
781 3052 840 3093 ut
855 3061 908 3092 se
933 3039 1103 3092 minus
1125 3039 1306 3112 digna,
1327 3041 1703 3094 sordidioribus
1716 3043 1973 3096 commisit
1982 3044 2225 3096 ministris
2242 3043 2551 3117 reperienda:

402 3125 508 3196 ,qui
525 3124 714 3177 idcirco
735 3123 1027 3177 etiamnunc
1053 3142 1112 3174 ea
1135 3135 1380 3188 tractant,
1406 3135 1465 3178 ut
1486 3125 1648 3177 multa
1679 3127 1907 3198 exempla
1944 3145 2119 3178 earum
2144 3125 2327 3179 artium
2358 3125 2551 3180 senece

413 3223 640 3282 tempore
664 3211 986 3262 inventarum
1009 3209 1230 3274 docent,
1261 3229 1290 3262 a
1312 3209 1572 3263 vilissimis
1595 3210 1752 3264 servis
1773 3214 2127 3282 prosectarum.
2152 3211 2421 3264 Enimvero
2436 3212 2550 3264 Phi-

415 3292 648 3367 losophia
681 3293 780 3346 alia
809 3292 1083 3364 eademque
1121 3293 1464 3365 praestantiora
1491 3295 1687 3347 invenit
1714 3308 1763 3348 et
1786 3309 1964 3349 curat:
1995 3295 2141 3349 utilia
2168 3295 2407 3360 molitur,
2445 3296 2547 3368 paci

415 3377 582 3442 favet,
619 3395 777 3449 genus
815 3375 1101 3428 humanum
1131 3377 1199 3429 ad
1236 3378 1565 3431 concordiam
1603 3391 1786 3446 vocat,
1816 3379 1971 3431 vitam
2004 3380 2187 3431 format
2224 3379 2544 3450 instruitque,

416 3461 548 3532 regit
587 3461 741 3511 vitam
775 3458 993 3530 ideoque
1028 3472 1172 3512 artes.
1199 3460 1336 3512 Mala
1374 3461 1546 3515 adhaec
1571 3474 1817 3514 monstrat
1836 3500 1851 3528 ,
1890 3461 1955 3513 iis
1986 3461 2218 3514 homines
2239 3463 2441 3530 liberat,
2462 3476 2545 3516 etc·

415 3545 642 3597 Proinde
663 3544 726 3596 ad
747 3544 858 3597 illas
882 3559 1009 3596 artes
1031 3545 1217 3618 quippe
1241 3565 1348 3598 non
1386 3545 1569 3619 dignas
1592 3558 1829 3619 perpetuo
1852 3564 1949 3598 usu
1982 3566 2089 3598 non
2110 3547 2276 3610 venit,
2300 3567 2388 3600 uec
2410 3551 2545 3600 Ana·-

417 3631 606 3683 charsis
627 3640 792 3683 rotam
828 3627 976 3704 figuli
1007 3643 1252 3701 tanquam
1275 3631 1474 3704 sapiens
1498 3632 1697 3686 invenit
1714 3668 1729 3696 ,
1754 3631 1842 3684 sed
1869 3651 1969 3702 qua
1992 3630 2165 3685 bomo.
2191 3633 2349 3702 Quod
2367 3633 2423 3684 de
2444 3633 2542 3686 aliis

418 3713 640 3766 inventis
667 3713 787 3764 item
809 3713 956 3766 valet.

481 3799 833 3851 Praestantiora
857 3813 976 3852 sunt
997 3835 1014 3863 ,
1035 3818 1147 3870 quic
1167 3801 1364 3873 sapiens
1390 3801 1574 3852 stoicus
1594 3801 1791 3852 invenit
1810 3838 1823 3864 ,
1852 3801 1883 3870 S
1906 3800 1969 3868 34
1996 3820 2069 3870 sq.
2090 3802 2331 3852 Attamen
2352 3789 2541 3874 sapien-

419 3897 489 3934 tes
524 3882 616 3934 illo
655 3881 771 3932 rudi
797 3883 980 3935 saeculo
1001 3923 1016 3950 ‚
1052 3883 1188 3954 quod
1223 3903 1431 3936 aureum
1466 3896 1649 3934 vocant
1670 3920 1684 3947 ,
1716 3882 1948 3936 nondum
1984 3885 2134 3937 fuisse
2166 3885 2429 3937 verisimile
2462 3901 2541 3939 est.

420 3967 578 4019 Omni
608 3966 814 4038 quidem
843 3969 1056 4021 sortunae
1082 3987 1266 4038 genere
1291 3967 1589 4020 fruebantur
1626 3966 1703 4018 illi
1728 3968 1961 4021 homines
1989 3969 2173 4040 primi,
2194 3968 2282 4022 sed
2312 3989 2451 4040 quum
2472 3991 2538 4022 ars

420 4054 513 4118 sit,
532 4052 726 4104 bonum
746 4067 796 4104 et
816 4052 1092 4124 sapientem
1121 4052 1230 4104 ficri
1255 4093 1270 4117 ‚
1295 4053 1381 4104 illa
1400 4065 1567 4104 autem
1588 4051 1817 4104 nondum
1846 4051 1907 4103 iis
1927 4065 2052 4105 esset
2067 4093 2083 4118 ,
2110 4055 2334 4124 sequitur
2354 4054 2540 4126 sapien—
