2667 4475
474 287 971 358 PHYSIOL.
1023 285 1529 358 STOICOR.
1582 289 1780 358 LIB.
1831 289 1888 356 Ι.
2119 294 2244 358 511

748 555 1384 626 DISSE'RTATIO
1440 563 1608 626 XII.

102 735 166 794 E
196 734 555 796 Providentia
584 735 799 797 fatum
836 737 1098 820 consequi
1096 757 1122 808 ,·
1158 736 1296 819 quid
1321 737 1514 820 illuct?
1549 747 1608 800 et
1639 739 1912 824 quomodo
1943 740 2258 816 libertatem

950 839 1071 902 Deo
1090 863 1201 902 non
1223 843 1408 904 tollat.

190 1053 310 1113 Esr
336 1053 412 1112 ita
434 1077 449 1126 3
487 1065 543 1113 et
569 1053 809 1137 gradum
837 1055 909 1115 ab
938 1055 1045 1114 hac
1073 1054 1147 1116 ad
1170 1053 1231 1124 F
1226 1064 1382 1114 atum
1409 1056 1814 1115 convenienter
1836 1053 2066 1137 profero
2087 1079 2102 1127 ;
2123 1057 2258 1138 quia

100 1161 253 1220 illud
274 1161 347 1220 ab
373 1162 479 1220 ista
504 1174 622 1235 est,
646 1173 703 1220 et
730 1161 897 1222 valde
917 1184 1049 1222 cum
1076 1183 1145 1223 ea
1172 1183 1386 1222 nexum
1406 1205 1424 1237 ‚
1447 1163 1621 1222 immo
1641 1164 1938 1222 innexum.
1963 1162 2165 1246 Itaque
2187 1163 2260 1222 ab

102 1267 247 1347 ipsis
274 1265 477 1326 Stoicis
510 1265 937 1354 confundamur
967 1268 1085 1326 baec
1116 1288 1267 1349 saepe
1292 1291 1310 1326 ε
1335 1269 1384 1326 si
1427 1281 1614 1327 tamen
1649 1268 1896 1328 discerni
1927 1269 2146 1348 placet,
2178 1269 2260 1327 sic

100 1371 225 1430 fiet.
258 1371 342 1430 Ut
367 1369 729 1431 Providentia
759 1374 817 1430 in
850 1374 974 1454 ipso
1002 1372 1129 1432 Deo
1156 1373 1229 1432 sit
1252 1373 1488 1432 scientia
1507 1415 1523 1447 ,
1546 1373 1637 1432 vel
1661 1375 1942 1433 sententia
1969 1375 2256 1444 omnium;

99 1477 226 1536 haec
290 1477 607 1537 distinctius
664 1478 757 1536 lex
805 1478 929 1559 ipsa
976 1491 1033 1537 et
1083 1478 1375 1538 decretum
1417 1480 1656 1561 sing-ulis
1711 1478 1926 1538 datum.
1981 1479 2182 1560 Itaque
2228 1502 2260 1538 a

98 1585 235 1643 Deo
256 1597 340 1645 est
366 1584 519 1644 istud
538 1627 555 1660 ,
588 1584 769 1666 magis
799 1603 971 1666 quam
1002 1584 1061 1640 in
1092 1585 1236 1664 ipso.
1270 1583 1462 1658 Addo,
1488 1584 1643 1666 quod
1663 1585 1759 1644 illa
1779 1585 1937 1644 velut
1955 1583 2264 1645 Proconsul

100 1703 194 1751 est
210 1735 227 1765 ‚
251 1691 349 1771 qui
371 1689 627 1750 decernit
654 1701 711 1749 et
731 1689 959 1760 statuit3
990 1688 1141 1748 istud
1160 1732 1178 1764 ‚
1208 1689 1366 1749 velut
1387 1687 1596 1762 Lictor‚
1623 1693 1722 1774 qui
1741 1693 2080 1751 sententiam
2107 1693 2260 1752 illam
2371 1685 2377 1695 ⁹

102 1796 255 1856 facto
290 1797 499 1878 promit
518 1839 535 1869 ,
571 1809 631 1856 et
658 1796 923 1854 omnibus
952 1793 1231 1877 propalat.
1271 1794 1360 1855 Ita
1390 1795 1690 1876 ApuleiuS,
1719 1819 1792 1858 ex
1816 1798 2095 1858 sententia
2124 1797 2263 1858 Pla-

101 1904 256 1962 tonis
297 1926 314 1960 :
360 1928 388 1955 α
418 1901 621 1961 Fatum
651 1923 774 1962 esse
793 1944 810 1975 ,
852 1922 957 1983 per
985 1901 1139 1983 quod
1170 1903 1526 1963 inevitabiles
1555 1904 1922 1986 cogitationes
1951 1903 2063 1964 Dei
2091 1918 2263 1987 atque

102 2013 331 2090 incepta
352 2009 728 2090 complentur.
756 2035 783 2061 υ
808 2007 956 2068 Nota
973 2009 1370 2086 cogitationes.-
1397 2009 1486 2070 Ita
1513 2010 1668 2070 enim
1685 2009 1942 2071 Primam
1969 2011 2263 2072 Providen-

99 2117 248 2175 tiam
278 2112 526 2197 (summi
558 2113 707 2197 Dei)
750 2115 1099 2176 definiebant
1126 2116 1437 2190 Platonici,
1481 2129 1546 2176 ut
1574 2129 1724 2177 esset
1777 2144 1804 2171 ιι
1839 2119 2093 2198 supremi
2149 2116 2258 2176 Dei

100 2223 370 2305 cogitatio
392 2224 514 2283 sive
538 2222 820 2282 voluntas.
846 2250 873 2276 n
906 2219 1099 2305 (Plut.
1134 2222 1207 2283 de'
1230 2221 1423 2305 Fato.)
1443 2223 1758 2283 Secundam
1790 2237 1980 2284 autem
1997 2223 2264 2283 volebant

102 2328 224 2389 dici
256 2356 283 2383 κ
302 2329 682 2390 secundorum
711 2330 967 2387 Deorum
987 2372 1004 2402 ,
1042 2329 1241 2388 caelum
1280 2331 1700 2411 permeantium
1719 2373 1735 2402 ‚
1766 2351 1872 2410 per
1901 2351 2072 2411 quam
2101 2328 2262 2389 inse·-

100 2438 258 2495 riora
288 2450 345 2498 et
369 2437 627 2496 mortalia
658 2436 851 2494 omnia
884 2434 1370 2516 dispensarentur,
1419 2435 1615 2516 generi
1653 2434 1862 2515 cuique
1891 2434 2012 2494 sive
2051 2435 2262 2515 speciei

100 2544 219 2625 ipsi
264 2543 490 2603 tuendae
536 2556 595 2603 et
632 2540 944 2603 servandae.
974 2566 1001 2592 »ι
1038 2538 1291 2599 Tertiam
1324 2539 1574 2621 denique
1593 2584 1610 2615 ,
1653 2566 1679 2593 «
1705 2561 1831 2621 quae
1865 2538 2079 2600 Genios
2111 2540 2262 2600 circa

98 2664 315 2709 ten-am
357 2650 540 2732 tangit
560 2692 578 2723 ,
612 2648 992 2707 humanorum
1034 2659 1263 2706 actuum
1309 2648 1550 2707 arbitros
1581 2660 1639 2707 et
1672 2646 1956 2707 custodes·
1983 2675 2011 2701 n
2043 2647 2132 2707 Ita
2157 2671 2262 2729 per

98 2756 315 2838 gradus
344 2755 769 2839 distinguebant
786 2798 802 2829 ‚
836 2768 894 2815 et
916 2754 991 2813 ad
1018 2774 1124 2813 nos
1155 2752 1491 2813 derivabant
1516 2778 1532 2814 ε
1565 2780 1592 2807 «ι
1612 2768 1678 2813 ut
1693 2756 1879 2836 prima
1900 2754 2260 2815 Providentia

102 2860 311 2920 Fatum
338 2862 685 2932 contineret3
717 2859 970 2921 secunda
993 2904 1010 2936 ,
1039 2862 1163 2941 ipsa
1184 2872 1334 2919 esset
1359 2858 1562 2919 Fatum
1582 2885 1598 2931 ;
1627 2863 1788 2923 tertia
1807 2904 1824 2933 ,
1847 2861 2002 2941 quod
2026 2882 2099 2921 ex
2121 2860 2261 2919 Fato

100 2978 275 3025 esset.
304 2992 331 3019 ›-
368 2964 729 3025 Plutarchum
749 3010 767 3041 ,
798 2966 964 3027 sodes
981 3010 998 3039 ,
1034 2966 1168 3027 vide
1199 2967 1400 3043 libello,
1424 2966 1557 3027 huic
1585 2967 1669 3027 rei
1697 2968 1929 3049 proprio
1961 2990 1979 3024 ε
2013 2978 2071 3026 et
2092 2967 2262 3049 Apu·—

100 3072 221 3132 leio
247 3069 361 3152 (De
388 3072 597 3155 Dogm.
632 3071 916 3154 Platon.),
942 3074 1045 3153 qui
1082 3074 1189 3131 ista
1220 3072 1610 3147 conformiter,
1641 3074 1744 3135 sed
1771 3073 2034 3145 brevius,
2072 3074 2260 3133 lucem

100 3182 180 3239 ab
210 3202 279 3240 eo
310 3192 591 3241 mutuare.
626 3179 743 3239 Nos
788 3178 863 3238 ad
907 3178 1121 3239 Stoicos
1162 3179 1313 3240 imus
1328 3222 1346 3251 ‚
1379 3192 1464 3239 tot
1493 3179 1889 3239 discriminum
1923 3181 2254 3241 incuriosos.

100 3288 199 3347 Ab
220 3308 346 3349 uno
381 3286 507 3346 Deo
529 3286 637 3347 ista
660 3266 891 3356 omnia-3
922 3286 1097 3345 immo
1139 3283 1504 3347 confundunt
1527 3306 1678 3367 saepe
1711 3306 1844 3345 cum
1871 3284 2017 3345 Deo.
2044 3286 2262 3350 Seneca

98 3393 197 3476 (ΙΙ
226 3394 438 3469 Quaest.
476 3392 708 3475 Natur.)
751 3414 767 3449 ε
810 3419 837 3445 «ι
862 3393 969 3453 Vis
996 3392 1157 3453 illum
1200 3391 1407 3453 Fatum
1438 3414 1678 3465 vocare;
1723 3414 1842 3453 non
1878 3392 2130 3464 errabis3
2166 3394 2260 3453 hic

101 3514 193 3561 est
214 3544 233 3577 ,
286 3523 358 3563 ex
412 3523 527 3583 quo
575 3520 851 3583 suspensa
900 3511 1036 3562 sunt
1078 3500 1275 3561 omnia
1296 3544 1313 3575 ‚
1365 3520 1536 3561 causa
1574 3521 1894 3561 causarum.
1923 3526 1951 3553 ιι
1989 3499 2218 3583 Optime
2240 3544 2258 3576 ‚

102 3609 361 3690 optime;
390 3610 611 3669 ratione
643 3620 837 3669 tamen
867 3620 925 3668 et
956 3608 1334 3691 intelligentia
1361 3608 1768 3691 distinguimus
1789 3652 1806 3683 ,
1838 3620 1904 3669 ut
1928 3630 2078 3691 saepe
2112 3609 2255 3669 dixi.

104 3714 233 3775 Lex
257 3728 345 3777 est
364 3736 397 3775 a
419 3715 545 3776 Deo
568 3738 584 3786 ;
620 3728 686 3783 ut
711 3715 837 3797 ipse
864 3715 1079 3775 Seneca
1105 3714 1222 3797 (De
1244 3716 1478 3778 Provid.
1511 3739 1640 3799 cap.
1665 3716 1730 3800 5)
1753 3740 1770 3777 =
1799 3743 1826 3770 «ι
1846 3716 2052 3777 Omnia
2073 3729 2258 3792 certa,

102 3822 245 3883 etin
268 3834 543 3883 aeternum
568 3822 721 3883 dicta
742 3820 895 3903 Lege
919 3820 1245 3882 decurrere.
1272 3849 1299 3877 »ι
1328 3823 1400 3883 Id
1422 3836 1530 3897 est,
1553 3822 1712 3883 Fato.
1736 3822 1934 3883 Cicero
1959 3846 1976 3881 ε
2006 3848 2034 3877 «ι
2053 3822 2260 3881 Omnia

100 3942 329 3989 aeterna
349 3927 517 4013 Legis
534 3930 775 4013 imperio
794 3954 823 3982 v·
843 3928 991 3989 fieri.
1021 3926 1201 4003 Plato,
1230 3954 1259 3983 οι
1276 3929 1550 3991 Adrastiae
1575 3927 1788 4012 Legem
1812 3954 1840 3983 ιο
1867 3929 2015 3989 dixit
2033 3926 2130 4011 (X
2170 3928 2261 3989 De

104 4034 309 4117 Πομ).
345 4036 437 4097 An
463 4058 579 4100 non
610 4050 669 4097 et
694 4036 973 4099 Pindarus
1014 4036 1328 4111 intellexit,
1366 4059 1546 4117 quum
1573 4040 1730 4119 νόμον
1763 4041 1970 4099 πάντων
1996 4040 2216 4118 βασιλέα
2239 4080 2258 4113 ,
