2667 4475
419 325 909 402 PHYsloL.
960 333 1458 406 s'rmcoa.
1507 337 1710 406 Lm.
1763 337 1816 404 1.
2054 335 2178 428 49·

60 480 199 560 cipia
221 522 239 551 ,
270 475 533 537 Efficiens
565 489 621 536 et
654 475 899 534 Patiens.
934 474 1011 536 Et
1041 477 1267 538 Patiens
1292 480 1526 561 quidem
1543 523 1562 554 ,
1595 479 1878 560 qualitatis
1907 489 2190 538 exsortem

60 583 356 642 essentiam
376 628 393 658 ,
418 582 721 642 Materiam
744 604 762 638 ε
782 578 1049 641 Efficiens
1082 595 1273 642 autem
1294 627 1313 657 ,
1339 583 1644 644 Rationem
1675 605 1802 666 qua·
1833 584 1893 642 in
1927 583 2050 662 ipsa
2070 593 2156 642 est
2171 625 2190 654 ‚

60 691 169 750 sive
201 693 411 753 Deum.
440 717 469 744 n
496 691 715 752 Seneca
740 689 877 750 item
906 689 1118 752 diffuse
1136 689 1362 774 (Epist.
1389 690 1548 774 axv)
1573 716 1591 750 ι
1621 719 1655 746 α-
1673 693 1924 764 Dicunt,
1953 702 2020 750 ut
2045 691 2154 750 scis
2172 733 2190 763 ,

60 793 221 855 Stoici
252 798 431 856 nostri
449 839 467 870 ,
503 795 619 855 duo
650 816 773 856 esse
814 797 875 855 in
906 817 1099 858 rerum
1130 809 1331 870 natura
1350 841 1369 871 ‚
1417 819 1490 863 ex
1529 799 1735 879 quibus
1777 797 1970 856 omnia
2001 795 2140 857 fiant
2178 817 2194 866 ;

60 903 294 962 Causam
340 916 397 963 et
433 902 757 962 Materiam.
792 903 1039 962 Materia
1063 905 1217 982 jacet
1244 905 1400 964 iners
1420 948 1438 978 ,
1480 925 1572 963 res
1616 903 1690 964 ad
1721 905 1911 964 omnia
1956 914 2152 984 parata
2175 945 2192 976 ,

60 1020 335 1068 cessatura
362 1008 411 1066 si
442 1027 611 1066 nemo
638 1019 865 1068 moveat
898 1031 914 1067 ε
950 1008 1133 1068 Causa
1161 1019 1353 1069 autem
1371 1053 1389 1083 ,
1413 1008 1476 1068 id
1507 1023 1592 1068 est
1606 1052 1624 1082 ,
1657 1009 1822 1070 Ratio
1840 1053 1857 1081 ‚
1891 1007 2194 1068 Materiam

60 1114 257 1174 ionnat
275 1158 291 1188 ,
326 1125 385 1173 et
412 1133 774 1194 quocumque
804 1115 929 1173 vult
948 1157 967 1187 ‚
998 1126 1191 1174 versat
1223 1137 1240 1173 ε
1277 1136 1352 1174 ex
1381 1113 1477 1175 illa
1503 1115 1663 1176 varia
1691 1137 1866 1196 opera
1904 1115 2190 1196 producit.

60 1218 192 1281 Esse
226 1243 362 1302 ergo
396 1218 567 1280 debet
604 1219 819 1301 aliquid
860 1220 1034 1282 Unde
1061 1222 1161 1281 fiat
1180 1265 1198 1295 ,
1232 1219 1442 1282 deinde
1471 1243 1504 1280 a
1535 1221 1661 1296 Quo
1693 1222 1791 1280 fiat
1825 1245 1842 1280 ε
1875 1218 1986 1280 hoe
2016 1220 2200 1280 Causa

60 1341 133 1387 est
150 1372 167 1402 ‚
204 1327 349 1388 illud
376 1326 640 1387 Materia.
672 1351 701 1381 υ
731 1324 808 1387 Et
834 1329 1021 1388 atatim
1054 1351 1071 1387 ε
1110 1355 1139 1382 α
1166 1327 1488 1404 Quaerimus
1513 1327 1656 1409 quid
1687 1327 1760 1386 sit
1788 1327 2006 1387 Causa?
2026 1326 2198 1387 Ratio

60 1431 263 1494 inciens
284 1478 302 1508 ,
324 1432 387 1493 id
406 1444 493 1492 est
508 1477 525 1508 ,
548 1433 726 1494 Deus.
750 1458 781 1485 κ
809 1433 1138 1515 Iterumque
1164 1457 1181 1494 ε
1208 1460 1237 1487 κ
1266 1433 1490 1515 Nempe
1512 1435 1778 1493 universa
1807 1455 1881 1493 ex
1913 1432 2157 1492 Materia
2175 1477 2192 1504 ‚

60 1551 102 1597 rt
133 1560 209 1598 ex
243 1537 369 1597 Deo
396 1525 675 1598 constant.
714 1564 743 1593 ιο
780 1538 983 1598 Cicero
1005 1536 1241 1621 (Acad.)
1268 1563 1323 1598 τοι
1353 1539 1626 1600 Naturam
1656 1538 1989 1599 dividebant
2013 1539 2074 1596 in
2107 1557 2198 1597 res

61 1644 190 1704 luas
220 1669 241 1704 ε
264 1657 331 1704 ut
348 1645 523 1704 altera
545 1657 695 1704 esset
714 1640 979 1706 Efficiens
996 1688 1014 1720 ,
1040 1646 1215 1706 altera
1239 1657 1430 1706 autem
1461 1647 1623 1728 quasi
1643 1643 1776 1704 huic
1807 1665 1868 1705 se
1894 1645 2154 1725 praebens
2178 1686 2196 1717 ‚

60 1773 119 1812 εκ
140 1773 263 1834 qua
290 1755 603 1812 efficeretur
627 1750 863 1832 aliquid.
890 1751 961 1810 In
980 1771 1050 1810 eo
1068 1752 1221 1833 quod
1241 1751 1524 1829 Efficeret,
1539 1753 1677 1814 Vim
1703 1773 1827 1812 esse
1846 1751 2156 1810 censebant
2177 1773 2196 1809 ε

62 1882 101 1916 n
144 1881 217 1919 eo
260 1859 416 1940 quod
459 1861 805 1932 efficeretur,
850 1857 1152 1918 Materiam
1196 1859 1505 1941 quamdam
1555 1885 1572 1918 ε
1623 1861 1685 1918 in
1721 1871 1968 1940 utroque
2003 1869 2197 1917 tamen

60 1977 377 2044 iti-umque.
400 1964 603 2046 Neque
636 1965 791 2023 enim
811 1963 1112 2024 Materiam
1132 1966 1317 2047 ipsam
1347 1965 1632 2026 cohaerere
1663 1967 1916 2046 potuisse
1932 2009 1949 2040 ,
1975 1966 2024 2024 si
2041 1965 2197 2024 nulla

60 2071 117 2130 Vi
150 2071 580 2141 contineretur3
612 2089 801 2152 neque
829 2069 965 2130 Vim
996 2072 1121 2130 sine
1152 2072 1343 2153 aliqua
1377 2072 1642 2131 Materia.
1679 2071 1838 2130 Nihil
1875 2083 1962 2130 est
1993 2071 2144 2129 enim
2177 2109 2194 2144 ,

60 2176 207 2257 {uod
238 2197 353 2237 non
389 2176 596 2237 alicubi
628 2195 751 2237 esse
782 2188 1035 2259 cogatur.
1069 2201 1097 2229 w
1138 2176 1207 2235 In
1239 2198 1356 2259 quo
1393 2189 1584 2238 tam-en
1618 2177 1814 2257 opinio
1828 2220 1845 2249 ,
1893 2177 2013 2233 sive
2043 2195 2204 2233 error

61 2297 214 2343 retus
236 2282 515 2343 notandus
535 2327 552 2357 ‚
578 2285 937 2367 censentium
959 2284 1261 2343 Materiam
1283 2284 1453 2342 simul
1472 2282 1597 2341 Deo
1615 2294 1882 2341 aeternam
1901 2325 1918 2355 ,
1941 2302 2048 2339 nec
2067 2281 2200 2339 alte-

60 2412 173 2449 ·um
208 2392 333 2449 sine
366 2390 545 2449 altero
586 2389 779 2450 fuisse.
817 2388 1073 2449 Observa
1116 2392 1286 2449 etiam
1313 2434 1330 2463 ,
1367 2389 1658 2449 Naturam
1691 2388 1775 2447 sic
1805 2386 1984 2447 dividi
1996 2409 2012 2458 3
2045 2386 2198 2467 quod

60 2498 407 2557 ?latonicum
438 2508 523 2556 est
540 2540 557 2569 ,
594 2498 845 2577 itemque
866 2494 1119 2554 Stoicum
1144 2519 1161 2553 ι
1192 2506 1251 2554 et
1282 2496 1342 2553 in
1368 2496 1598 2553 illorum
1623 2492 1901 2577 dogmatis
1926 2494 2201 2575 Apuleius

62 2604 159 2663 De
184 2604 467 2684 Dogmate
489 2598 665 2683 Plat.)
690 2624 707 2659 ε
740 2627 768 2654 u
790 2605 896 2671 Τὰς
924 2607 1103 2670 οὐσίας
1124 2645 1141 2673 ,
1164 2622 1307 2683 quas
1339 2598 1626 2660 Essentias
1649 2600 1890 2660 dicimus
1907 2598 2052 2683 (sive
2081 2600 2204 2658 Na·-

61 2707 289 2791 uras),
316 2709 459 2769 duas
480 2728 603 2769 esse
622 2710 703 2768 ait
726 2692 885 2768 Plato
903 2753 919 2783 ‚
946 2729 1053 2789 per
1074 2728 1216 2788 quas
1246 2720 1450 2766 cuncta
1471 2708 1774 2790 gignantur
1791 2751 1808 2781 ,
1831 2690 2202 2787 Mundusque

60 2836 169 2897 pse
192 2840 209 2887 ;
246 2837 488 2897 quarum
517 2836 634 2874 una
652 2857 670 2889 ,
704 2815 1049 2897 cogitatione
1078 2814 1197 2873 sola
1226 2814 1548 2895 coneipitur
1570 2811 1776 2895 (Deus)
1801 2836 1818 2871 ε
1845 2814 2020 2873 altera
2038 2857 2055 2886 ,
2077 2809 2206 2873 sen-

61 2922 203 2979 ibus
228 2922 428 3001 subjici
456 2933 645 3001 potest
671 2947 700 2974 n
720 2966 737 2996 ,
764 2942 889 3002 qua·
920 2932 1006 2981 est
1026 2920 1293 2980 Materia.
1327 2920 1591 3001 Itemque
1620 2918 1696 2979 de
1725 2940 1794 2979 eo
1825 2918 2083 2977 Laertius
2105 2917 2200 2999 (ln

60 3024 331 3106 ’latone)
364 3049 381 3084 ε
420 3051 449 3079 «
470 3027 599 3085 Duo
644 3048 837 3086 rerum
869 3026 1126 3085 omnium
1159 3025 1448 3107 Principia
1477 3024 1637 3084 Plato
1667 3026 1864 3084 statuit
1879 3069 1896 3099 ,
1929 3024 2117 3083 Deum
2148 3036 2206 3083 et

60 3134 390 3204 lateriam3
421 3154 594 3213 quem
625 3134 786 3193 illum
818 3135 989 3193 etiam
1021 3132 1276 3192 Mentem
1308 3133 1557 3215 appellat
1578 3176 1595 3206 ‚
1629 3144 1687 3191 et
1713 3132 1977 3192 Causam.
2009 3156 2038 3183 n
2063 3130 2202 3190 Haec

60 3252 246 3298 ntem
266 3250 431 3297 vetus
450 3284 467 3313 ,
495 3252 551 3299 et
572 3238 645 3299 ab
668 3240 793 3321 ipso
815 3238 1067 3300 Homero
1085 3236 1333 3320 (Odyss.
1363 3238 1432 3320 δ)
1459 3250 1546 3299 est
1571 3240 1766 3321 opinio
1785 3283 1802 3314 ,
1838 3251 1904 3298 ut
1930 3250 2168 3298 censent
2183 3284 2200 3311 ‚

60 3347 137 3405 ui
180 3372 215 3397 κ
246 3344 511 3405 Proteum
532 3390 549 3421 ,
584 3358 644 3405 et
672 3343 1014 3406 Eidotheam
1046 3344 1277 3405 induxit
1307 3346 1608 3427 allegorice
1643 3368 1659 3404 ε
1694 3345 1938 3427 primam
1969 3344 2204 3425 quidem

60 3466 81 3512 t
116 3452 457 3534 principem
487 3474 715 3513 causam
744 3452 907 3535 (ipsa
933 3476 1050 3516 vox
1083 3453 1259 3536 dicit)
1282 3454 1554 3514 Proteum
1587 3454 1880 3535 appellans
1907 3477 1924 3511 ε
1949 3474 2076 3535 quae
2105 3474 2202 3513 au—

60 3582 151 3621 rm
188 3561 254 3618 in
282 3562 501 3641 speeies
518 3563 757 3622 vertitur
787 3560 1106 3624 Essentiam
1125 3608 1143 3638 ,
1175 3561 1536 3624 Eidotheam.
1567 3589 1596 3615 n
1623 3560 1870 3645 (Empir.
1907 3561 2037 3621 adv.
2069 3562 2204 3621 Ma-

60 3690 227 3728 rem.
248 3664 275 3747 )
295 3666 448 3742 Quid
484 3668 693 3729 Thales
716 3694 731 3741 3
754 3668 1003 3731 Mentem
1035 3682 1093 3730 et
1114 3669 1342 3753 Aquam
1376 3671 1550 3731 Initia
1576 3670 1768 3752 posuit
1793 3694 1810 3728 ε
1837 3682 1992 3729 recta
2023 3670 2209 3729 inter·-

60 3774 365 3836 retatione
384 3820 400 3850 ‚
426 3776 613 3836 Deum
636 3788 697 3835 et
714 3774 1037 3836 Materiam.
1064 3776 1412 3859 Pythagoras
1430 3777 1584 3839 idem
1614 3802 1630 3836 z
1659 3779 1751 3837 cui
1774 3782 1948 3847 Μονὰς
1967 3822 1984 3851 ,
2017 3775 2164 3837 Unio
2181 3824 2196 3846 ,

60 3896 109 3941 ει
146 3880 332 3942 Mens
356 3924 373 3955 ,
408 3884 527 3941 sive
559 3883 715 3944 Deus
745 3908 759 3954 ;
795 3886 931 3953 Δυὰς
955 3928 971 3958 ,
1006 3882 1173 3942 Βίηἰο
1196 3930 1209 3953 ,
1260 3884 1529 3945 Materia.
1575 3882 1769 3945 Simile
1811 3887 1872 3944 in
1918 3885 2205 3966 plerisque

61 3993 159 4052 ‚iis
182 4033 203 4063 ,
238 3990 287 4049 si
316 3988 477 4050 lubet
509 3992 838 4051 examinare
872 4015 889 4051 τ
924 4005 982 4051 et
1011 3990 1219 4051 veritas
1248 3991 1369 4052 haec
1399 3990 1592 4052 multis
1621 3994 1885 4051 innotuit.
