2667 4475
765 280 1286 352 EPISTOLA
1336 284 1517 353 cx=1
1540 284 1617 351 V.

2123 290 2253 379 269

139 432 274 477 ram
311 407 643 501 ·pr0bant·;
678 408 1060 479 disturbant
1090 412 1175 479 de
1215 411 1579 496 industria,
1620 416 1677 480 si
1713 414 1879 505 quid
1926 416 2255 508 placidius

147 524 424 609 effluxit3
459 524 698 594 nolunt
723 526 870 594 sino
899 526 1161 596 salebra
1196 552 1342 597 esse
1362 530 1749 621 juncturam
1776 558 1795 617 3
1828 530 2089 599 virilem
2119 556 2259 623 pu-

147 657 280 709 tant
305 622 374 710 et
405 642 641 711 fortem
661 692 682 727 ,
724 667 876 736 quae
915 668 1148 712 aurem
1183 646 1636 737 inaequalitate
1669 650 2031 739 percutiat.
2062 648 2259 739 Quo-

152 758 442 825 rumdam
473 782 610 826 non
631 774 732 827 est
763 762 1189 853 composit10‚
1227 762 1595 831 modulatio
1622 779 1762 850 est3
1792 763 1963 831 adeo
1986 762 2257 831 blandi·
2324 831 2343 851 ,

147 889 286 955 tur,
320 890 388 941 et
415 874 706 942 molliter
727 875 1004 944 labitur.
1034 876 1224 970 Quid
1251 877 1336 945 de
1368 876 1481 945 illa
1507 879 1770 971 loquar,
1802 881 1876 947 in
1899 904 2033 971 qua
2059 879 2263 948 verba

151 986 570 1073 differuntur,
597 1006 700 1073 et,
729 991 850 1061 diu
868 1008 1278 1086 exspectata,
1312 995 1419 1062 vix
1438 994 1525 1062 ad
1548 994 1881 1064 clausulas
1906 995 2269 1064 'redeunti‘

151 1104 328 1197 Quid
357 1108 444 1175 de
475 1106 590 1175 illa
617 1108 692 1174 in
719 1108 902 1177 exitu
931 1109 1114 1177 lenta
1134 1160 1152 1193 ,
1187 1110 1408 1203 qualis
1430 1104 1787 1179 Ciceronis
1800 1128 1937 1194 est,
1954 1110 2221 1180 ‘devexa
2242 1163 2261 1193 ‚

157 1238 218 1289 et
234 1225 526 1292 molliter
553 1222 863 1292 detinens
885 1230 910 1259 ²
933 1254 952 1312 3
979 1249 1108 1294 nec
1129 1225 1327 1295 aliter
1344 1278 1361 1313 ‚
1392 1250 1592 1319 quam
1616 1227 1786 1296 solet
1806 1222 1831 1264 ³
1854 1279 1873 1309 ‚
1907 1228 1995 1296 ad
2014 1254 2267 1298 morem

156 1362 334 1407 suum
362 1337 740 1433 pedemque
765 1341 1236 1435 respondens?
1259 1346 1412 1417 Non
1448 1358 1705 1410 tantum
1735 1345 1809 1411 in
1845 1368 2093 1436 genere
2119 1370 2271 1413 sen·
2326 1355 2387 1408 ιῦ

157 1458 504 1525 tentiamm
529 1458 770 1525 vitium
803 1472 940 1539 est,
975 1458 1032 1525 si
1065 1473 1184 1527 aut
1215 1457 1479 1552 pusillae
1506 1472 1663 1526 sunt
1689 1474 1757 1527 et
1791 1461 2125 1552 pueriles,
2159 1477 2274 1531 aut

161 1572 506 1665 improbae,
555 1587 624 1640 et
660 1572 812 1666 plus
844 1595 1019 1641 ausae
1053 1624 1072 1657 ‚
1129 1598 1328 1665 quam
1378 1575 1640 1667 pudore
1684 1575 1865 1644 salvo
1904 1574 2103 1661 licet3
2156 1572 2277 1645 sed

157 1688 207 1752 si
243 1688 498 1757 floridae
542 1682 784 1769 sunt⁴‚
829 1705 899 1757 et
929 1691 1134 1757 nimis
1177 1686 1451 1777 dulces3
1493 1692 1551 1758 si
1586 1692 1658 1758 in
1702 1716 1949 1759 vanum
1982 1706 2271 1776 exeunt,

153 1817 254 1888 et,
292 1801 437 1872 sine
467 1804 746 1886 effectu,
779 1804 956 1875 nihil
987 1804 1277 1897 amplius
1306 1830 1505 1898 quam
1538 1824 1801 1875 sonant.

247 1921 406 1988 Haee
429 1920 596 1988 vitia
613 1944 788 1988 unus
805 1921 1054 2011 aliquis
1078 1920 1377 2007 inducit,
1409 1922 1538 1989 sub
1554 1947 1689 2015 quo
1712 1940 1872 1991 tunc
1894 1922 2283 2015 eloquentia

151 2051 290 2101 est:
319 2037 544 2104 caeteri
567 2036 915 2104 imitantur
933 2086 952 2119 ‚
983 2052 1054 2103 et
1079 2037 1253 2105 alter
1279 2038 1478 2106 alteri
1508 2039 1809 2106 tradunt.
1835 2042 1948 2108 Sic
1969 2040 2282 2108 Sallustio
2319 2052 2332 2059 ”

163 2150 455 2242 vigente,
497 2166 854 2245 amputatae
881 2154 1228 2220 sententiae
1249 2203 1268 2235 ‚
1311 2168 1381 2219 et
1414 2153 1623 2221 verba
1647 2170 1804 2220 ante
1830 2170 2281 2248 exspectatum

163 2265 498 2350 cadentia,
541 2282 612 2335 et
650 2266 936 2335 obscura
975 2267 1271 2337 brevitas
1290 2317 1313 2354 ,
1360 2268 1552 2336 fuere
1594 2293 1717 2361 pro
1760 2269 1971 2336 cultu.
2012 2271 2284 2338 Art-uu-

165 2383 288 2450 tius
301 2377 354 2466 ⁵,
376 2386 493 2451 vir
511 2408 680 2451 rarae
700 2384 1128 2480 frugalitatis,
1155 2384 1272 2474 qui
1290 2385 1625 2450 Historias
1644 2383 1802 2449 belli
1818 2385 2057 2451 Punici
2072 2385 2289 2477 scrip-

167 2499 279 2580 sit,
316 2500 442 2568 suit
471 2499 956 2585 Sallustianus,
998 2515 1067 2567 et
1093 2499 1166 2567 in
1194 2497 1366 2566 illud
1395 2522 1608 2592 genus
1634 2501 1858 2568 nitens
1880 2493 1933 2567 ⁶.
1966 2503 2081 2568 Est
2106 2500 2289 2593 apud

169 2615 548 2685 Sallustium
577 2641 593 2682 ε
623 2641 656 2678 «
683 2615 1050 2684 exercitum
1075 2629 1361 2708 argento
1390 2613 1548 2682 fecit
1570 2619 1591 2662 ⁷
1614 2667 1635 2698 ,
1670 2642 1701 2680 »
1738 2615 1809 2682 id
1827 2633 1927 2684 est
1948 2667 1969 2699 ‚
2001 2618 2291 2710 pecunia

171 2851 278 2898 tint·
299 2845 591 2919 opponitur
617 2843 778 2898 oratio
811 2842 1070 2914 aqualiter
1098 2841 1182 2894 in-

173 2925 426 2996 grediens,
453 2923 563 2977 Cic.
587 2923 730 2975 Orat.
763 2925 858 2987 58,
891 2923 960 2974 ita
986 2933 1044 2975 ut
1075 2941 1184 2974 non

173 3005 231 3056 sit
255 3025 370 3058 mox
406 3003 538 3057 lenis
574 3013 624 3053 et
650 3001 812 3054 fluens
829 3041 843 3067 ,
875 3021 991 3053 mox
1017 2999 1185 3053 hiulca

176 3095 220 3134 et
241 3103 428 3158 aspera.
471 3082 554 3136 cf.
583 3080 690 3134 Cic.
720 3081 814 3134 Or.
843 3079 932 3144 163
965 3079 1184 3149 Quintil.

176 3183 234 3234 9,
259 3166 320 3230 4,
354 3165 464 3228 1⁴2.
489 3159 672 3214 Ruhk.

243 3259 282 3292 ι.
305 3238 577 3302 Redeunt,
606 3255 714 3288 non
739 3237 1041 3298 redduntur,
1068 3233 1188 3287 libri

177 3320 327 3372 nostri
351 3337 532 3372 omnes
569 3335 684 3369 cum
707 3314 938 3368 Pincian.
964 3323 1014 3366 et
1038 3313 1186 3366 Grut-

241 3479 576 3540 2.De!1'nem,
608 3476 762 3529 iidem
787 3474 905 3530 libri
929 3493 942 3527 ε
967 3492 1075 3526 non
1097 3477 1188 3526 do·-

179 3561 360 3622 sinem,
382 3556 524 3628 quod
547 3569 618 3608 est
639 3555 702 3607 ab
725 3557 954 3608 Erasmo.
974 3553 1134 3608 Schoe.

243 3636 288 3688 3.
310 3637 418 3690 Nec
440 3637 614 3696 aliter,
638 3653 802 3702 quam
823 3636 966 3685 solet.
985 3632 1082 3683 lnt.
1104 3650 1193 3683 eo·

183 3715 288 3768 dem
307 3733 510 3786 semper
530 3712 724 3765 incessu
741 3710 1016 3784 procedens
1033 3728 1046 3762 ε
1061 3706 1192 3781 saep'e

185 3794 412 3848 Ciceroni
439 3791 788 3866 exprobratum
808 3791 927 3853 fuit,
955 3789 1096 3858 quod
1119 3788 1194 3840 il·-

185 3870 274 3925 lius
291 3869 656 3945 compositioni
667 3869 868 3921 'deesset
887 3868 1117 3920 varietas.

245 3955 290 4019 4.
314 3952 428 4005 Sed
460 3953 514 4003 si
531 3950 754 4019 florida·
777 3955 912 3999 sunt.
951 3945 1196 3998 Dubitavi

185 4033 243 4084 ‹le
269 4029 512 4106 particula
535 4030 658 4094 sed,
690 4047 840 4098 quam
865 4039 1054 4081 veteres
1079 4025 1196 4091 libyi

1278 2859 1455 2895 omncs
1474 2841 1737 2915 ignorant,
1756 2863 1785 2897 a
1800 2844 1999 2897 Mur-eto
2022 2863 2079 2896 cx
2101 2842 2291 2916 conjcc.

1281 2924 1471 2993 adjecta
1491 2943 1505 2977 :
1527 2945 1677 2994 quam
1700 2937 1895 2989 tamen,
1916 2925 2156 2996 quonia·
2180 2925 2291 2976 sine

1280 3000 1370 3054 tali
1410 3004 1628 3074 quadam
1664 3005 2022 3073 conjunctione
2058 3003 2139 3055 vix
2170 3003 2295 3056 ratio

1281 3093 1509 3133 constare
1540 3081 1739 3135 videtur
1764 3081 2013 3148 orationi,
2034 3081 2181 3134 facile
2208 3101 2296 3154 pa—

1281 3158 1379 3210 tiar
1410 3159 1601 3212 reduci.
1628 3159 1790 3213 Schw.

1351 3239 1395 3290 5.
1432 3237 1732 3291 Arruntius.
1762 3237 1868 3290 Sub
1902 3240 2127 3310 Augusto
2151 3237 2297 3304 vixit,

1281 3314 1371 3387 qui
1384 3314 1521 3367 idem
1540 3335 1645 3368 esse
1665 3315 1877 3380 videtur,
1896 3315 2043 3385 quia.
2062 3315 2127 3368 U.
2142 3335 2185 3367 c.
2204 3317 2298 3385 73²

1286 3393 1475 3445 Consul
1500 3395 1625 3460 fuit,
1666 3406 1715 3446 et
1750 3392 1981 3466 egregius
2008 3406 2191 3445 orator.
2222 3393 2304 3446 Cf.

1285 3471 1433 3524 voss.
1470 3471 1533 3524 de
1569 3470 1807 3524 Histoi-ic.
1832 3470 1915 3523 lat.
1944 3471 1997 3532 1,
2034 3472 2091 3523 18
2109 3509 2125 3537 ,
2153 3492 2201 3544 p.
2237 3491 2303 3543 9⁰

1287 3569 1361 3620 sq.
1386 3549 1465 3603 ed.
1488 3551 1596 3603 fres.
1616 3549 1797 3602 Ruhk.

1355 3629 1404 3682 6.
1428 3631 1501 3682 In
1517 3632 1654 3682 illud
1664 3649 1825 3700 genus
1847 3632 2031 3682 nitens.
2056 3627 2096 3677 l.
2116 3626 2194 3680 illi
2216 3647 2305 3698 ge·

1291 3707 1402 3761 neri
1417 3724 1619 3777 operam
1640 3708 1765 3760 dans
1788 3725 1802 3760 τ
1826 3706 2161 3761 Horatianum
2179 3705 2307 3757 illud

1293 3813 1320 3842 α
1339 3787 1553 3842 nitimur
1575 3789 1631 3841 in
1651 3789 1857 3842 vetitum
1872 3827 1888 3854 ,
1915 3809 1943 3835 ιο
1964 3788 2112 3839 affert
2128 3786 2270 3839 (ἔται.
2288 3825 2301 3844 .

1293 3886 1359 3918 nc
1384 3885 1499 3919 cum
1527 3869 1732 3921 Mun-eto
1764 3887 1793 3919 a
1826 3871 1960 3920 m'teo
1981 3865 2211 3917 deducas.
2236 3861 2305 3912 R.

1361 3969 1406 4018 7.
1445 3945 1750 4000 Exercitum
1777 3956 1987 4015 argento
2002 3945 2144 4017 jecit.
2174 3941 2307 3995 Huic

1297 4024 1525 4080 Sallustii
1554 4025 1816 4078 sententia
1849 4035 1899 4076 et
1925 4019 2153 4093 sequenti
2178 4020 2310 4073 Cor-

2340 2293 2395 2340 ¹7
