2667 4475
377 305 511 370 σου
1048 293 1061 304 ·
1112 289 1412 360 JU5T1
1458 251 1780 359 mrsu

382 439 667 516 Mundum
706 436 946 498 vocare?
987 458 1102 497 non
1142 435 1391 516 falleris;
1429 435 1552 514 ipse
1585 433 1740 490 enim
1781 442 1870 490 est
1907 441 2086 489 totum
2135 425 2308 509 quod
2345 427 2548 498 vides,

382 561 529 608 totus
572 545 841 627 operibus
874 544 990 602 suis
1026 540 1240 600 inditus
1258 584 1275 614 ‚
1310 553 1368 598 et
1399 561 1462 598 se
1491 551 1812 597 sustentans
1847 539 1906 596 vi
1945 557 2068 595 sua.
2099 561 2128 588 υ
2181 535 2410 616 Itaque
2451 555 2550 615 pro

382 653 489 714 hoc
526 671 699 712 sensu
720 696 737 726 ‚
770 651 831 710 in
870 661 1032 731 parte
1072 669 1207 706 vera
1238 645 1578 706 Tertulliani
1609 639 1840 725 scriptio
1869 642 2148 725 (Apolog.
2185 665 2329 723 cap.
2383 639 2546 724 47)=

386 762 417 814 α’
433 759 708 818 Platonici
728 769 785 816 et
799 755 971 814 Stoici
990 753 1340 835 corporalem
1365 765 1619 812 statuunt
1638 751 1826 810 Deum
1855 775 1871 808 ε
1905 777 1932 802 ²0
1967 751 2188 809 scilicet
2215 749 2542 808 Mundum.

381 863 504 924 Etsi
534 865 693 922 Plato
719 863 961 944 primam
979 860 1236 918 Mentem
1256 859 1440 940 magis
1471 879 1576 939 pro
1601 859 1724 916 Deo
1749 858 2035 939 agnoscit,
2062 855 2191 914 Deo
2212 899 2232 928 ‚
2257 857 2542 936 inquam,

382 971 587 1051 primo.
630 969 715 1026 Ita
744 966 956 1026 Seneca
1001 964 1419 1046 infragmento
1459 963 1706 1044 quodam
1726 1007 1742 1036 ‚
1788 961 1944 1043 apud
1977 963 2384 1043 Augustinum
2421 961 2546 1042 (VI

380 1078 469 1135 De
502 1075 669 1134 civit.
703 1095 831 1154 cap.
867 1070 976 1153 10)
1004 1094 1019 1129 ε
1058 1099 1085 1124 ιι
1110 1069 1234 1152 Ego
1268 1068 1446 1129 seram
1477 1083 1575 1128 aut
1605 1071 1896 1128 Platonem
1923 1112 1940 1141 ,
1967 1081 2064 1128 aut
2083 1068 2542 1148 Peripateticum

379 1181 697 1241 Stratonem
727 1203 744 1238 ε
780 1199 1023 1262 quorum
1061 1178 1202 1236 alter
1234 1174 1477 1257 (Plato)
1507 1176 1698 1234 Deum
1733 1178 1857 1236 sine
1897 1196 2138 1255 corpore
2171 1173 2322 1234 fecit
2347 1219 2370 1248 ,
2407 1177 2544 1235 alter

379 1289 504 1348 sine
538 1285 766 1346 animo?
804 1311 831 1338 υ
863 1283 1021 1343 Plato
1051 1285 1204 1344 enim
1235 1303 1560 1363 supremam
1591 1281 1844 1342 Mentem
1866 1281 2336 1341 architectricem
2357 1305 2542 1364 agno-

376 1397 484 1456 scit
505 1440 522 1471 ,
554 1395 793 1454 liberam
840 1403 898 1452 et
940 1402 1217 1450 secretam
1257 1388 1332 1446 ab
1370 1390 1526 1448 omni
1567 1391 1902 1471 contagione
1941 1388 2222 1456 mortali';
2259 1401 2446 1469 atque
2483 1401 2538 1446 ut

379 1483 577 1562 Cicero
594 1501 846 1582 loquitur
862 1541 879 1572 ,
908 1524 935 1549 κ
960 1497 1150 1554 Deum
1184 1495 1378 1554 statuit
1397 1498 1669 1574 ἀσώματον
1689 1534 1708 1567 ,
1729 1478 2130 1574 incorporeum
2161 1519 2192 1545 n
2225 1517 2245 1551 t
2271 1507 2337 1552 at
2357 1493 2538 1552 Su—ato

380 1606 645 1667 eumdem
668 1606 792 1663 sine
814 1603 1020 1660 Animo
1042 1646 1059 1676 ,
1083 1601 1146 1660 id
1164 1613 1249 1659 est
1264 1644 1281 1674 ‚
1306 1601 1579 1658 Naturam
1599 1598 1747 1658 banc
1766 1622 1956 1659 rerum
1975 1613 2036 1659 et
2057 1595 2362 1658 Mundum
2381 1645 2400 1672 ,
2421 1603 2538 1658 sine

380 1713 579 1772 Mente
622 1710 995 1792 gubernante.
1057 1707 1193 1766 Haec
1230 1705 1510 1765 sententia
1547 1705 1820 1765 Stratonis
1866 1717 1952 1765 est
1969 1749 1986 1778 ‚
2035 1725 2217 1786 qnam
2260 1706 2536 1765 Manilius

382 1817 562 1898 tangit
592 1839 608 1872 ε

704 1921 769 1968 At
787 1933 945 1985 neq-ue
966 1922 1091 1966 terra
1104 1922 1293 1985 patrem
1310 1917 1450 1976 norit
1465 1953 1481 1979 ,
1503 1934 1594 1966 nec
1613 1913 1811 1968 flamma
1827 1953 1844 1978 ,
1869 1933 1961 1967 nce
1976 1933 2059 1967 aer
2073 1953 2089 1976 ,

706 2009 808 2058 Aut
820 2005 999 2056 humor
1013 2041 1029 2068 ,
1053 2005 1333 2076 faciuntque
1350 2010 1512 2072 Deum
1529 2025 1618 2076 per
1637 2015 1846 2076 quamm-
1861 2013 1994 2058 artu
2005 2043 2024 2068 ‚

708 2099 771 2147 Et
792 2096 965 2147 mundi
982 2103 1196 2148 struxere
1214 2098 1416 2165 globum
1431 2135 1448 2160 ,
1467 2099 1825 2168 prohibentque
1843 2098 2028 2166 requiri

708 2189 846 2239 Ultra
864 2187 1221 2257 nequidquam.

382 2317 451 2378 Id
482 2331 567 2377 est
589 2360 607 2392 ‚
638 2316 771 2379 Sive
802 2330 1047 2400 quatuor
1078 2320 1362 2379 elementa
1385 2341 1504 2379 non
1533 2317 1748 2381 habent
1779 2330 2064 2379 auctorem
2103 2332 2178 2381 et.
2196 2322 2480 2402 originem
2503 2366 2520 2386 ‚

380 2427 505 2506 ipsa
526 2437 660 2485 sunt
686 2437 745 2484 et
768 2424 985 2484 faciunt
1004 2426 1207 2503 juncta
1234 2424 1424 2485 Deum
1441 2470 1460 2500 ‚
1493 2446 1604 2485 nec
1634 2426 1810 2485 alium
1851 2438 2054 2506 praeter
2079 2446 2146 2485 se
2164 2470 2183 2500 ,
2217 2440 2324 2486 aut
2357 2450 2522 2509 supra

380 2554 441 2592 se
462 2578 479 2607 ‚
507 2532 737 2593 babent.
766 2532 880 2593 Sed
899 2532 977 2591 ad
992 2530 1207 2591 Stoicos
1235 2556 1252 2603 ;
1272 2535 1409 2613 quia
1426 2534 1600 2615 igitur
1617 2532 1872 2592 Mundus
1887 2533 2046 2593 Deus
2071 2578 2090 2606 ,
2113 2534 2336 2605 dabant
2357 2538 2520 2594 etiam

378 2640 432 2697 ei
464 2639 751 2719 globosam
784 2637 1045 2697 sormam.
1079 2637 1295 2697 Seneca
1334 2636 1558 2719 (Epist.
1596 2636 1771 2718 xciv)
1805 2662 1822 2696 ε
1861 2664 1890 2691 κ
1923 2637 1982 2697 Si
2013 2639 2320 2699 rotundam
2361 2642 2474 2699 illis
2499 2682 2516 2707 ‚

380 2746 607 2828 qualem
627 2746 753 2804 Deo
772 2789 789 2819 ‚
814 2744 1079 2806 dederint
1110 2745 1371 2805 formam.
1403 2772 1429 2798 υ
1454 2745 1616 2805 Idem
1647 2747 1708 2804 in
1735 2746 2035 2807 Claudium
2067 2746 2280 2806 ludens
2311 2772 2328 2805 ε
2361 2774 2392 2801 ιι
2417 2746 2518 2806 Dic

381 2850 545 2911 nobis
565 2896 581 2925 ‚
614 2852 839 2931 qualem
874 2851 1065 2911 Deum
1103 2852 1271 2910 istum
1304 2852 1430 2911 fieri
1465 2851 1676 2911 vultis?
1709 2851 1959 2911 Stoicum
1979 2851 2004 2909 ?
2025 2852 2320 2932 quomodo
2341 2866 2520 2934 potest

378 2957 654 3018 rotundus
679 2977 802 3017 esse
822 3002 841 3032 ‚
872 2970 937 3017 ut
968 2958 1049 3016 ait
1074 2958 1259 3017 Varro
1276 3002 1293 3031 ‚
1324 2958 1452 3017 sine
1479 2960 1667 3038 capite
1689 3002 1708 3033 ,
1729 2961 1854 3019 sine
1871 2958 2192 3039 preputio?
2213 2985 2246 3011 u
2269 2960 2514 3020 Observa

374 3064 497 3125 haec
529 3078 817 3145 postrema
836 3108 853 3139 ,
884 3065 1073 3144 jocose
1098 3065 1159 3123 in
1192 3062 1504 3145 Epicureos
1533 3064 1684 3124 dieta
1709 3108 1728 3139 ,
1763 3066 1864 3146 qui
1893 3065 2084 3125 Deum
2111 3064 2402 3129 faciebant
2421 3068 2514 3127 hu-

377 3193 549 3231 mana
587 3172 779 3251 specie
819 3193 836 3228 z
874 3183 934 3229 at
962 3169 1133 3229 Stoici
1166 3169 1453 3252 negabant
1475 3214 1492 3244 ‚
1531 3182 1588 3230 et
1615 3172 1828 3231 animal
1857 3171 2093 3252 quidem
2121 3192 2248 3231 esse
2290 3198 2308 3231 ι
2357 3202 2386 3227 κ
2419 3174 2512 3233 sed

376 3299 497 3337 non
532 3275 783 3337 humana
811 3276 999 3358 aliqua
1036 3275 1237 3335 forma.
1268 3302 1296 3330 »v
1333 3276 1470 3336 Hoec
1501 3288 1590 3336 est
1613 3279 1896 3337 sententia
1913 3320 1930 3351 ,
1961 3300 2136 3359 quam
2163 3301 2360 3362 neque
2377 3302 2506 3351 nos,

378 3404 567 3463 neque
592 3384 727 3443 item
756 3381 1091 3443 Plutarchus
1119 3404 1316 3445 sanam
1341 3381 1516 3441 habet
1541 3406 1558 3442 ι
1591 3395 1651 3443 et
1677 3384 1749 3443 iis
1785 3383 1980 3464 objicit
2003 3407 2020 3442 ε
2053 3411 2082 3437 α
2109 3386 2272 3466 quod
2293 3386 2506 3455 Deum,

314 3480 325 3487 ”
378 3490 479 3571 qui
514 3490 861 3571 principium
894 3500 979 3549 est
1000 3534 1017 3563 ‚
1058 3489 1277 3571 Corpus
1308 3500 1500 3550 tamen
1527 3488 1850 3571 intelligens
1882 3502 1939 3549 et
1963 3490 2314 3551 Mentem-in
2345 3504 2508 3551 mate·

374 3594 465 3653 ria
488 3591 705 3653 faciunt
724 3618 739 3665 ;
778 3606 949 3675 atque
974 3595 1055 3653 ita
1076 3616 1195 3667 non
1216 3616 1424 3675 purum
1447 3638 1466 3668 ‚
1491 3612 1682 3675 neque
1699 3595 2020 3677 simplicem
2047 3640 2068 3672 ,
2097 3618 2292 3679 neque
2311 3600 2506 3661 inm

375 3702 624 3783 positum
650 3744 668 3775 ,
698 3699 800 3761 sed
823 3722 897 3759 ex
922 3700 1032 3759 alio
1067 3712 1126 3761 et
1151 3722 1257 3781 per
1284 3700 1443 3760 aliud
1461 3703 1830 3761 constituunt.
1864 3728 1892 3757 ιο
1917 3704 2136 3763 Tamen
2151 3704 2352 3766 Varro
2371 3709 2504 3767 miti-

374 3830 512 3891 gare
554 3820 613 3868 et
657 3807 733 3868 ad
762 3808 1061 3868 veritatem
1101 3808 1283 3889 magis
1323 3804 1552 3869 flectere
1577 3808 1808 3869 videtur
1831 3852 1850 3884 ‚
1883 3812 1934 3869 si
1967 3810 2118 3877 bene
2155 3814 2500 3875 exaudimus.

374 3914 617 3975 Pulchra
654 3914 772 3975 haec
808 3916 933 3995 ejus
962 3916 1023 3974 in
1054 3915 1376 3996 Augustino
1405 3915 1560 3997 (VII
1601 3914 1690 3975 De
1727 3916 1896 3977 Civit.
1935 3939 2064 3999 cap.
2103 3916 2194 4001 6)
2219 3944 2237 3977 ε
2279 3946 2312 3974 οι
2335 3920 2502 3982 Varro

349 4018 446 4100 ‘de
479 4022 736 4085 Naturali
754 4021 1065 4104 Theologia
1098 4020 1454 4103 praeloquens
1487 4024 1630 4085 dicit
1649 4066 1668 4097 ,
1691 4022 1880 4085 Deum
1899 4046 1962 4087 se
1982 4025 2247 4088 arbitrari
2267 4029 2501 4089 animam
