2667 4475
371 309 496 375 158
931 302 1018 369 1..
1068 294 1427 405 ANNAEI
1476 292 1913 365 SENECAE
2123 336 2134 343 -

289 451 296 457 '
356 409 560 508 ἔστιν
575 430 695 529 γάρ
711 458 812 515 τις
833 422 1620 534 [λόπῃωηγενῆςζῒῆδωὴ
1632 423 1707 506 ἣν
1724 430 2067 513 nummi&
2078 422 2250 499 κατὰ
2268 432 2515 497 τοῦτον

241 560 306 617 23
355 544 842 647 ebe-Qu&
867 546 1126 640 quibus
1149 566 1288 611 non
1321 540 1559 611 dubito
1597 541 1767 635 quid
1799 544 1890 611 sie
1922 566 2273 615 sensurus.
2310 542 2515 635 Quid

355 668 538 737 enim
570 664 838 757 turpius
853 668 870 699 ²
885 712 906 746 ‚
944 678 1148 763 quum
1179 668 1457 753 captare
1500 660 1574 726 in
1620 658 1768 752 ipso
1806 658 1995 729 luem
2034 660 2455 754 voluptatem
2484 710 2505 741 ‚

354 784 490 849 imo
535 804 662 875 per
699 779 995 865 luctuum
1027 791 1100 844 et
1135 776 1339 843 inter.
1359 774 1676 843 lacrimas
1699 798 2012 868 quoque,
2046 772 2233 869 quod
2265 776 2503 869 juvet,

1470 1024 1646 1073 στολόν
1671 1023 1719 1077 ἆ.
1738 1021 1859 1089 πρὶς
1880 1021 1965 1079 τὴν
1984 1021 2196 1087 ἀδελφοῖν
2210 1055 2232 1085 ,4
2252 1019 2293 1071 ἱ.
2306 1040 2350 1073 e.
2372 1018 2509 1089 Epa·—

1470 1102 1729 1153 ποῖαι-σπι
1748 1100 1893 1152 ,libro
1913 1101 2115 1167 primo,
2148 1099 2227 1149 ad
2238 1095 2507 1149 Sororem.

1469 1186 1828 1243 -Κυνηγεπῒν
1854 1177 2143 1251 legitimum
2174 1187 2250 1229 est
2276 1194 2505 1247 gracum

348 1008 572 1101 Reperta
597 1026 804 1099 quidem
831 1024 888 1077 'in
905 1022 1072 1075 msstis
1093 1020 1200 1074 'suis
1215 1018 1375 1094 profi-

348 1118 518 1159 tentur
541 1106 738 1159 Erum.
755 1102 891 1177 Lips.
928 1113 977 1154 et
1014 1100 1162 1153 Grut.
1186 1098 1276 1151 sed
1303 1098 1375 1152 ita

349 1185 617 1257 depravata
633 1224 648 1247 ‚
669 1196 727 1237 ut
745 1182 881 1236 nihil
897 1181 1020 1234 inde
1041 1180 1270 1233 extricari
1288 1200 1379 1253 po-

345 1264 766 1317 tuerit.Gruterus
776 1274 948 1315 tamen
965 1270 1216 1331 postrema
1223 1256 1386 1312 verba.

350 1342 462 1395 hoec
487 1342 593 1393 fere
610 1339 764 1395 fuisse
786 1339 858 1391 ait
875 1378 890 1405 ‚
917 1338 1098 1409 καρπὸν
1118 1338 1270 1395 ἡδονὴ
1290 1342 1380 1399 ζη-

349 1429 446 1473 ’rsi'r
464 1428 630 1471 τοῦτον
652 1422 770 1472 κατὰ
789 1425 956 1469 τοῦτον
978 1418 1058 1468 τὶν
1081 1414 1256 1484 καιρόν.
1277 1412 1383 1464 De·

351 1498 507 1568 nique
535 1497 594 1549 in
630 1498 712 1549 eds
753 1496 921 1550 Gron.
951 1502 1010 1547 et'
1028 1512 1172 1564 seqq.
1199 1493 1391 1545 Graeea·

351 1575 722 1629 exhibebantur
735 1575 786 1626 in
799 1574 940 1627 hunc
953 1573 1164 1625 modum
1173 1571 1352 1643 scripta
1366 1589 1381 1623 z

351 1656 592 1722 Μιχθεῗσα
609 1654 760 1709 ἡδονὴ
787 1654 938 1719 ἀηδίᾳ
957 1654 1024 1712 τὶς
1041 1652 1131 1719 γὰρ
1145 1652 1244 1702 ἔστί
1263 1686 1278 1715 ,
1303 1671 1376 1702 σοι

351 1736 432 1802 μὲν
466 1734 673 1797 ζητῆτίη
709 1734 826 1785 κατὰ
864 1738 1032 1787 τοῦτον
1069 1732 1150 1781 τὶν
1183 1728 1344 1797 καιρόν
1366 1765 1383 1795 ,

353 1828 508 1879 quam
561 1806 822 1862 inficetam
881 1807 1178 1879 scripturam
1241 1806 1381 1858 unde

351 1884 602 1941 hausisset
625 1887 918 1941 Gronovius
957 1886 1046 1939 diu
1080 1883 1343 1955 inquirens
1362 1922 1379 1948 ‚

353 1966 562 2018 tandem
579 1986 638 2019 ex
651 1966 731 2018 ed.
751 1966 850 2017 Th.
871 1966 953 2018 De
967 1966 1128 2039 luges
1142 1961 1381 2035 cognovi,

353 2061 416 2093 ex
437 2042 754 2116 Dalecampii
771 2042 982 2115 iugenio
1011 2042 1163 2095 fuisse
1184 2061 1382 2114 procu·-

356 2138 479 2172 sam.
509 2120 618 2171 Nos
651 2132 879 2172 nostrum
905 2140 996 2172 ms.
1022 2140 1074 2171 a.
1099 2119 1259 2172 secuti
1287 2138 1384 2170 su-

357 2214 472 2249 mus
490 2233 505 2262 ,
543 2195 634 2268 qui
660 2215 718 2250 ea
744 2196 852 2270 ipsa
884 2196 1036 2251 verba
1053 2235 1068 2258 ,
1093 2214 1207 2267 quoe
1231 2195 1381 2249 exhi*-

355 2273 560 2332 buimu's
576 2314 608 2343 ,,
637 2277 756 2330 satis
802 2278 1062 2351 perspicue
1111 2275 1383 2349 perscripta

358 2354 529 2418 dedit,
555 2353 765 2428 exceptis
784 2353 979 2407 duobus
997 2353 1126 2422 λύπῃ
1144 2355 1380 2419 συγγενὴς,

346 2451 645 2505 'qumquam
661 2431 733 2485 ibi
743 2431 1086 2497 deessent,nos
1101 2451 1160 2482 ex
1171 2431 1382 2483 Senecae

354 2513 526 2566 latinis
547 2510 904 2586 supplevimus.
931 2509 1220 2562 Metrodori
1233 2508 1373 2577 Epa·-

354 2594 570 2654 stolam,
586 2608 694 2658 qua
710 2607 940 2640 sororem
953 2591 1156 2640 amisso
1169 2589 1383 2652 opte‘moe

353 2670 548 2720 indolis
546 2669 677 2736 filio
700 2667 994 2735 alloquitur
1011 2700 1026 2729 ,
1041 2662 1180 2714 baud
1212 2663 1379 2715 multo

357 2759 472 2800 aute
513 2755 882 2797 memoraverat
924 2744 1108 2794 Noster
1127 2779 1142 2806 ,
1187 2755 1382 2794 xovlu.

353 2825 493 2878 Illud
509 2822 824 2878 dissimulare
833 2837 942 2874 nen
964 2821 1144 2886 debeo,
1157 2839 1271 2872 mea
1285 2820 1382 2873 ali-

353 2917 604 2974 quatenus
621 2903 684 2956 de
705 2903 993 2976 conjectura
1007 2901 1196 2952 sactum
1210 2938 1224 2966 ,
1243 2900 1381 2970 quod

353 2995 467 3056 post
503 2983 711 3050 ἀδελφὴν
747 2991 923 3032 notam
963 2978 1276 3032 numeralem
1310 2981 1345 3031 οἱ
1360 3015 1376 3044 ,

353 3058 600 3133 adscripsi
622 3096 636 3123 ,
661 3077 762 3129 qua
786 3057 1157 3128 Epistularum
1177 3058 1258 3108 ad
1269 3055 1380 3109 So-

355 3159 522 3193 rorem
539 3139 884 3204 libet-primus
897 3135 1006 3207 sign
1012 3133 1277 3188 ificaretur.
1287 3137 1377 3201 Ac,

355 3228 528 3268 notam
560 3214 769 3284 quidem
793 3212 1023 3284 aliquam
1062 3213 1379 3266 numeralem

353 3313 384 3347 e
410 3296 605 3347 Seneca
625 3293 710 3346 hic
743 3292 989 3364 adjectam
1015 3292 1166 3346 fuisse
1184 3332 1198 3355 ,
1223 3291 1380 3344 intel-

353 3373 449 3449 ligi
469 3396 560 3448 par
585 3385 691 3426 erat
715 3393 772 3431 ex
799 3372 1026 3446 genitivo
1055 3363 1332 3426 ἐπιστολῶν
1358 3409 1373 3436 ,

351 3453 473 3506 coll.
509 3467 664 3506 κανεῖ
683 3492 697 3517 ,
747 3451 835 3504 ubi
877 3449 1139 3502 simillima
1179 3449 1377 3501 ratione

351 3531 584 3583 scribitur
620 3531 988 3600 Epistularum
1029 3529 1108 3580 ad
1139 3528 1377 3580 Atticum

353 3610 442 3661 Ie'b.
461 3611 510 3660 Ι.
524 3609 754 3678 Quinam
778 3621 948 3660 autem
971 3607 1146 3659 fuisset
1167 3606 1256 3659 ille
1275 3627 1378 3658 nu-

352 3705 521 3740 merus
541 3726 556 3753 ,
579 3688 851 3742 hariolatus
873 3707 1012 3740 eram
1038 3706 1095 3737 ex
1119 3705 1178 3738 eo
1199 3726 1214 3753 ,
1238 3685 1375 3755 quod

353 3783 445 3837 pro
463 3771 814 3821 me‘roAnn
842 3766 896 3818 in
923 3765 1035 3819 cod.
1058 3777 1230 3816 nostro
1249 3771 1378 3820 Em-

355 3850 634 3896 ΣΤΟΛαΩΝ
667 3845 932 3906 scribitur,
974 3842 1062 3896 ubi
1095 3842 1312 3896 litteram
1345 3867 1378 3896 α

355 3920 522 3974 alieno
558 3921 674 3975 loco
703 3923 1020 3986 intersertam
1054 3921 1378 3992 coniectave-

353 4017 478 4051 ram.
499 3999 600 4052 Sed
617 4039 632 4066 ,
651 4011 848 4071 sumpto
867 3999 964 4051 hoc
985 3999 1094 4070 ipso
1110 4039 1123 4066 ‚
1145 3997 1375 4072 intelligo

353 4076 426 4130 sic
443 4078 608 4147 potius
625 4097 654 4129 a
680 4097 760 4129 me
788 4076 940 4130 scribi
965 4077 1223 4140 debuisse,
1253 4069 1378 4130 ἐπι-

1472 1259 1704 1329 verbum,
1720 1256 1861 1327 quod
1874 1256 2035 1310 latino
2056 1267 2273 1327 captare
2283 1266 2333 1307 et
2340 1274 2509 1307 aum·

1470 1342 1597 1408 pan·
1623 1337 1829 1407 (infra)
1859 1338 2057 1391 Seneca
2078 1334 2337 1408 expressit.
2356 1332 2418 1386 S.
2438 1358 2509 1373 —-

1474 1419 1666 1470 Locum
1684 1416 1822 1469 hunc
1845 1435 1933 1488 pro
1952 1414 2271 1469 conclamato
2292 1410 2509 1464 habue-

1476 1510 1555 1549 rat
1572 1494 1891 1567 Ruhhopfius
1910 1534 1924 1562 ,
1950 1493 2039 1563 qui
2066 1491 2339 1545 lectionem
2364 1508 2515 1563 gra·-

1477 1594 1591 1628 cam
1618 1594 1647 1627 a
1680 1568 1843 1627 Gron.
1870 1572 2119 1641 prolatam
2152 1581 2354 1621 secutus
2384 1578 2515 1619 erat.

1481 1652 1674 1703 Omnes
1689 1687 1704 1711 ‚
1728 1650 1922 1721 inquit,
1948 1651 2053 1704 sere
2074 1646 2225 1701 codd.
2245 1643 2327 1697 vel
2350 1644 2516 1697 lacu-

1478 1748 1597 1782 nam
1615 1730 1665 1782 h.
1686 1730 1720 1781 l.
1734 1766 1749 1791 ,
1774 1741 1832 1781 ut
1853 1728 1909 1781 iu
1935 1726 2109 1800 grecis
2132 1723 2191 1777 fit
2210 1763 2225 1790 ,
2246 1722 2476 1775 habuere
2496 1760 2513 1785 ,

1479 1808 1684 1863 voltam
1706 1820 1934 1878 corrupte
1957 1820 2005 1859 et
2024 1805 2238 1859 obscure
2261 1800 2517 1875 prestite-

1478 1902 1598 1942 runt
1619 1887 1775 1941 verba
1787 1907 1951 1961 graeca
1966 1924 1981 1949 ,
2002 1899 2061 1938 ut
2076 1884 2172 1937 viri
2191 1882 2511 1945 doctissimi,

1479 1966 1717 2039 Sylburg.
1738 1968 1937 2019 Gruter.
1962 1964 2027 2017 al.
2049 1982 2101 2016 sc
2124 1961 2250 2014 inde
2273 1958 2515 2034 expedire

1480 2066 1589 2099 non
1613 2056 1831 2119 possent.
1852 2042 2051 2097 Dubito
2074 2060 2140 2093 an
2162 2039 2359 2091 sincera
2378 2038 2516 2089 Me-

1478 2123 1673 2175 trodori
1701 2121 1853 2174 verba
1891 2133 2167 2172 teneamus.
2202 2116 2331 2185 Quae
2364 2115 2515 2166 enim

1480 2221 1541 2255 ex
1564 2202 1627 2254 iis
1650 2210 2031 2274 argumentatur
2057 2196 2255 2250 Seneca
2276 2232 2291 2258 ‚
2314 2205 2518 2264 cogunt

1480 2299 1575 2349 nos
1600 2278 1846 2350 colligere
1864 2317 1879 2343 ,
1917 2289 1967 2328 et
1994 2277 2161 2328 luotus
2191 2286 2241 2326 et
2262 2273 2517 2324 lactina-

1476 2377 1593 2410 rum
1628 2355 1919 2409 meminisse
1953 2354 2011 2406 iu
2044 2352 2108 2405 iis
2130 2351 2513 2404 Metrodorum.

1482 2436 1716 2505 Quorum
1738 2447 1908 2487 tamen
1934 2433 1989 2484 in
2010 2429 2160 2485 codd.
2182 2449 2349 2500 neque
2370 2429 2511 2492 vola,

1480 2532 1649 2586 nequo
1670 2513 1963 2585 vestigium.

1552 2613 1593 2644 1.
1621 2591 1771 2663 Quid
1789 2594 1927 2643 em‘m
1945 2591 2161 2657 teu-pius.
2184 2586 2304 2639 Nisi
2324 2586 2478 2639 fallor
2492 2627 2508 2652 ,

1480 2672 1625 2737 (nam
1652 2687 1811 2738 quum
1832 2667 1987 2720 verba
2007 2665 2293 2719 Metrodori
2308 2665 2511 2718 sincera

1480 2768 1587 2801 non
1612 2747 1795 2800 habere
1818 2745 2083 2799 videamur
2102 2784 2116 2812 ,
2138 2765 2233 2797 nec
2260 2756 2397 2796 certo
2422 2745 2511 2796 de—

1478 2823 1630 2876 finire
1661 2824 1961 2895 possumus)
1998 2823 2194 2874 Seneca
2240 2839 2347 2874 non
2384 2821 2509 2873 satis

1478 2903 1636 2975 justus
1658 2902 1709 2954 in
1732 2901 2086 2956 Metrodorum
2108 2899 2289 2963 fuerit,
2316 2899 2509 2972 quippe

1476 2999 1630 3052 quem
1648 3001 1755 3033 non
1776 2979 2025 3032 diversam
2044 2975 2345 3030 sententiam
2363 2975 2431 3028 ab
2448 2997 2507 3028 ea

1476 3057 1743 3130 protulisse
1764 3069 1936 3130 putem
1960 3094 1975 3121 ,
2006 3073 2159 3126 quam
2194 3067 2368 3106 noster
2390 3053 2423 3122 S
2448 3054 2509 3104 18

1479 3136 1584 3210 ipse
1610 3136 1802 3188 attulit:
1824 3156 1851 3182 «ι
1872 3134 2069 3187 erinest
2086 3132 2337 3204 quiddam
2356 3131 2507 3185 dulce

1479 3213 1727 3266 tristitiae»
1750 3251 1764 3279 ,
1787 3225 1879 3266 etc.
1904 3211 2107 3265 Sed'hae
2120 3221 2265 3264 s'ectae
2280 3230 2511 3263 consue·-

1477 3307 1593 3346 rant
1604 3293 1743 3345 sicin
1758 3311 1810 3344 se
1830 3291 2055 3343 invicem
2068 3282 2247 3342 in‘vebi
2260 3327 2275 3348 .
2297 3301 2353 3341 ut
2367 3309 2509 3360 qua-

1477 3391 1578 3442 que
1594 3371 1856 3424 occasione
1872 3369 1988 3421 data
2010 3369 2091 3422 vel
2104 3367 2363 3420 levissima
2381 3367 2509 3420 abu·

1476 3463 1716 3504 terentnr.
1730 3451 1805 3502 Ita
1822 3469 1927 3502 una
1946 3459 2029 3510 τῆς
2040 3449 2219 3510 ἡδονῆς
2235 3486 2250 3513 ,
2274 3447 2507 3520 volupta-

1476 3530 1539 3583 tis
1551 3535 1739 3604 (propr.
1760 3529 2034 3594 felicitatis)
2055 3529 2249 3580 mentio
2270 3530 2505 3581 eamdem

1476 3610 1603 3662 iram
1616 3609 1863 3661 concitare
1886 3608 2071 3662 Stoicis
2086 3607 2267 3680 rigidis
2286 3608 2503 3668 solebat,

1474 3707 1627 3760 quam
1649 3701 1699 3740 et
1718 3701 1887 3740 nostra
1912 3687 2157 3740 memoria
2182 3686 2436 3740 felicitatis
2463 3705 2507 3736 s.

1473 3765 1876 3818 Eudaemonismi
1899 3802 1914 3829 ,
1936 3781 2089 3836 quem
2114 3777 2303 3816 vocant
2322 3803 2337 3828 ‚
2360 3781 2507 3814 men·

1474 3843 1667 3894 tionem
1704 3842 1963 3904 interdum
2000 3841 2134 3913 justo
2172 3839 2507 3911 rigidioribus

1480 3921 1681 3976 Criticae
1705 3919 2040 3993 philosophias
2066 3918 2269 3971 asseclis
2292 3917 2507 3970 iisdem-

1473 4019 1573 4070 que
1592 3999 1787 4051 virtutis
1804 3995 2267 4072 propugnatoribus
2286 3995 2509 4048 fortissi-

1474 4077 1571 4130 mis
1595 4077 1802 4131 excitare
1830 4076 2057 4130 memini.
2085 4075 2268 4154 Rnhlc.
