2667 4475
364 246 497 332 504
1102 243 1390 315 JUSTI
1413 245 1762 318 ‘12112511

361 386 469 445 etsi
498 385 727 444 modulo
768 386 943 443 nostri
978 399 1175 466 captus
1212 405 1327 446 non
1363 385 1701 445 damnamus
1725 386 1809 444 sic
1843 387 2024 466 loqui.
2057 386 2416 450 Teneamus
2443 405 2536 451 ta-
2610 405 2611 446 ι

358 512 493 550 men
530 487 674 548 illud
716 488 969 560 Arnobii,
992 513 1010 547 ε
1056 517 1085 544 ιι
1116 483 1412 572 Quidquid
1441 489 1514 550 de
1555 490 1688 549 Deo
1715 491 1964 567 dixeris,
2003 493 2314 576 quidquid
2351 499 2530 556 tacita
2610 487 2611 562 J

356 599 563 658 mentis
590 597 929 678 cogitatione
954 597 1281 678 conceperis
1296 639 1313 670 ,
1351 597 1412 654 in
1441 596 1755 686 humanum
1783 598 2026 657 nansilit
2047 612 2111 658 et
2129 605 2532 682 corrumpitur
2610 589 2611 592 Ἴ

356 725 587 764 sensum
608 727 625 762 ε
642 725 751 763 nec
766 702 937 762 habet
954 703 1195 785 propriae
1216 703 1642 785 significationis
1661 716 1858 764 notam
1871 748 1888 778 ‚
1911 705 2072 785 quod
2093 709 2326 768 nostris
2340 709 2530 769 verbis

356 810 584 882 dicitur,
609 823 781 890 atque
796 809 873 869 ad
900 810 1127 890 negotia
1148 809 1399 872 humana
1419 811 1764 892 compositis.
1794 837 1822 864 »ι
1847 811 1964 872 Sed
1990 811 2316 895 pergamus
2345 818 2412 875 in
2435 838 2526 888 re,

356 929 415 976 ct
442 913 720 976 addamus
755 940 771 974 ε
802 914 1016 975 Stoicos
1050 937 1275 996 quoque
1308 916 1501 974 Deum
1529 917 1698 974 unice
1721 914 1919 975 Unum
1943 919 2200 978 sensisse
2222 963 2242 992 ‚
2273 923 2394 980 etsi
2421 944 2528 979 no-

355 1023 607 1082 minibus
637 1022 897 1103 pluribus
929 1022 1259 1082 affecerunt.
1294 1019 1552 1082 Laertius
1581 1023 1732 1084 inter
1759 1023 2013 1083 Zenonia
2040 1049 2061 1083 ε
2091 1052 2122 1078 α
2147 1025 2370 1088 Unum
2391 1029 2528 1108 quid

357 1151 485 1190 esse
503 1129 693 1190 Deum
716 1153 731 1200 ;
762 1129 865 1190 sed
884 1141 1079 1190 tamen
1097 1129 1386 1202 Mentem,
1418 1141 1476 1188 et
1501 1129 1738 1206 Fatum,
1772 1143 1832 1190 et
1865 1129 2070 1191 Jovem
2107 1132 2373 1214 aliisque
2401 1135 2528 1215 pla-

356 1239 515 1298 ribus
564 1237 1007 1298 nomenclaturis
1039 1236 1219 1296 solere
1248 1237 1456 1296 efferri.
1488 1263 1516 1290 ι»
1548 1235 1677 1296 Hoc
1713 1251 1772 1297 et
1800 1236 2088 1298 Minutius
2118 1253 2334 1301 noster
2367 1240 2522 1300 Felix

356 1345 431 1406 de
450 1345 519 1405 iis
541 1356 836 1406 attestatur
857 1367 874 1402 ε
908 1369 936 1397 α
958 1343 1147 1418 Zeno,
1174 1343 1391 1424 inquit,
1424 1356 1482 1402 et
1510 1341 1886 1426 Chrysippus,
1923 1356 1984 1403 et
2005 1344 2366 1420 Cleanthoe,
2395 1359 2522 1406 sunt
2610 1367 2611 1374 ¹

358 1465 418 1513 et
431 1441 541 1534 ipsi
552 1449 1068 1526 multiformes,'sed
1086 1447 1161 1510 ad
1178 1450 1455 1510 unitatem
1467 1449 1836 1510 Providentiae
1853 1472 2056 1511 omnes
2071 1453 2480 1512 revolvuntur.
2491 1481 2518 1503 ν

354 1561 539 1620 Aliter
562 1561 659 1619 alii
686 1558 759 1620 de
791 1558 918 1619 Deo
934 1602 951 1633 ,
982 1559 1085 1619 sed
1108 1557 1183 1617 de
1202 1557 1341 1618 Uno
1371 1580 1568 1620 omnes
1593 1559 1902 1640 loquuntur
1937 1573 1999 1620 et
2023 1559 2352 1620 affirmant.
2379 1563 2524 1621 Mu}-

355 1665 541 1726 titudo
564 1677 755 1726 autem
776 1665 876 1726 illa
908 1666 1205 1729 nominum
1238 1662 1380 1746 (non
1409 1666 1562 1724 enim
1593 1663 1926 1746 numinum)
1941 1677 2134 1726 ortum
2163 1666 2384 1728 habuit
2405 1691 2440 1726 a
2467 1670 2518 1725 vi

356 1773 547 1852 aliqua
582 1783 641 1832 et
668 1772 943 1854 peculiari
976 1773 1184 1832 affectu
1214 1771 1309 1830 vel
1349 1773 1554 1831 effectu
1573 1814 1592 1845 ‚
1632 1793 1806 1852 quem
1841 1772 2117 1832 volebant
2147 1794 2510 1854 exproesm.

356 1879 574 1939 Seneca
606 1875 721 1958 (IV
744 1877 819 1937 de
838 1877 1042 1938 Benef.
1066 1899 1195 1959 cap.
1228 1877 1315 1960 7.)
1343 1903 1360 1936 ι
1391 1906 1420 1932 α
1439 1877 1824 1960 Quaecumque
1842 1880 1999 1939 voles
2021 1880 2264 1940 nomina
2285 1883 2510 1963 propria

354 1985 484 2044 Deo
510 1984 733 2067 aptabis
748 2027 765 2058 ,
805 1985 923 2044 vim
954 1985 1201 2066 aliquam
1239 1985 1618 2066 effectumque
1651 1985 1956 2046 caelestium
1989 1987 2360 2048 continentia
2391 2011 2410 2046 ε
2441 2001 2514 2047 tot

357 2092 769 2174 appellationes
812 2092 936 2170 ejus
971 2113 1095 2151 esse
1120 2102 1359 2173 possunt
1374 2136 1390 2168 ,
1420 2104 1560 2174 quot
1579 2113 1838 2151 munera.
1866 2117 1894 2145 ιι
1919 2091 2038 2152 Sed
2055 2095 2209 2172 ejus,
2237 2106 2296 2154 et
2317 2096 2510 2153 mins.
2610 2097 2611 2108 ¹

358 2197 513 2261 Ecce
541 2196 737 2282 (idem
768 2198 904 2259 alibi
934 2197 997 2258 ΙΙ
1035 2197 1247 2274 Quaest.
1288 2219 1417 2281 cap.
1451 2194 1574 2278 45)
1603 2220 1619 2256 z
1649 2223 1677 2251 α
1698 2197 1802 2260 Vis
1831 2197 1992 2259 illum
2015 2196 2230 2258 Fatum
2263 2198 2510 2260 vocare?

354 2328 473 2366 non
498 2306 712 2365 cimbis
734 2329 749 2377 ;
770 2303 867 2365 hic
892 2317 978 2365 est
1007 2326 1081 2365 ex
1112 2326 1227 2385 quo
1248 2326 1524 2386 suspensa
1555 2316 1689 2365 sunt
1717 2306 1940 2379 omnia,
1973 2326 2148 2365 causa
2179 2328 2506 2366 musarum.

354 2414 461 2474 Vis
489 2412 650 2471 illum
678 2410 1136 2471 Providentiam?
1172 2422 1327 2471 recte
1367 2410 1556 2483 dices,
1593 2424 1680 2471 est
1707 2409 1868 2471 enim
1899 2412 2062 2490 cnjus
2095 2388 2346 2472 'consilio
2379 2414 2508 2472 huic

352 2518 577 2581 Mundo
613 2519 966 2599 providetur,
1002 2530 1068 2579 ut
1104 2519 1473 2579 inconcussus
1499 2530 1591 2577 eat
1608 2560 1624 2589 ,
1656 2530 1713 2576 et
1743 2530 1902 2577 actus
1939 2538 2070 2577 suos
2103 2518 2382 2599 explicet.
2411 2520 2508 2577 Vis

353 2626 627 2685 Naturam
661 2624 901 2685 vocare?
927 2648 1043 2684 non
1066 2624 1364 2704 peccabis;
1399 2636 1486 2683 est
1508 2624 1663 2683 enim
1691 2643 1764 2683 ex
1801 2644 1916 2704 quo
1949 2628 2082 2682 n'ata
2107 2636 2248 2683 sunt
2278 2628 2472 2685 omnia
2485 2670 2502 2697 ‚

356 2732 520 2811 cujus
541 2730 755 2812 Spiritu
775 2732 1039 2789 vivimus.
1064 2730 1170 2789 Vis
1191 2728 1514 2787 mundum?
1535 2730 1660 2810 ipse
1679 2741 1766 2788 est
1788 2730 1940 2788 enim
1963 2741 2146 2789 totum
2166 2731 2332 2811 quod
2351 2732 2504 2791 vides

350 2850 503 2899 totus
528 2838 644 2899 suis
664 2837 917 2918 partibus
950 2836 1165 2895 inditus
1180 2878 1195 2907 ‚
1226 2847 1366 2894 etse
1389 2835 1674 2893 sustinens
1695 2836 1755 2893 vi
1783 2856 1908 2895 sua.
1935 2861 1964 2889 n
1988 2836 2177 2917 Atque
2195 2838 2364 2897 idem
2387 2839 2502 2897 loco

354 2947 545 3027 priore
566 2946 795 3023 subjicit
806 2940 1081 3003 'eumdem
1104 2962 1227 3000 esse
1247 2938 1524 2999 Liberum·
1535 2950 1760 3019 patrem
1789 2952 1848 2999 et
1883 2940 2187 3005 Herculem
2207 2988 2230 3017 ,
2253 2948 2498 3027 itemque

352 3050 694 3113 Mer-eunium
712 3074 733 3109 .·
760 3062 818 3109 et
839 3069 962 3129 quae
986 3047 1120 3107 talia
1140 3044 1311 3105 Stoici
1334 3066 1370 3103 e
1387 3044 1637 3125 mythica
1659 3045 1896 3106 historia
1917 3046 1992 3106 ad
2013 3050 2288 3128 mysticos
2308 3072 2498 3111 sensus

353 3158 715 3218 referebantz
742 3167 803 3215 et
830 3174 1067 3236 operose
1102 3151 1428 3213 referebant
1447 3194 1466 3223 ,
1497 3152 1632 3209 satis
1657 3152 1766 3211 sibi
1799 3152 1862 3211 in
1888 3152 2012 3211 istis
2033 3154 2358 3235 allegoriis,
2387 3159 2498 3215 sive
2610 3176 2611 3187 ἢ

353 3276 420 3325 ut
442 3265 553 3344 ipsi
574 3262 939 3345 appellabant
959 3265 1220 3328 ὑπονοίαις
1236 3302 1251 3332 ,
1276 3260 1566 3340 placentes
1589 3270 1647 3317 et
1667 3257 2026 3339 plaudentes.
2052 3259 2256 3319 Cicero
2279 3262 2414 3343 (ΙΙΙ
2431 3264 2498 3322 de

354 3370 556 3430 Natur.
581 3366 789 3448 Deor.)
813 3391 829 3426 ε
860 3396 889 3422 «
916 3368 1191 3451 Magnam
1223 3366 1475 3449 suscepit
1493 3366 1812 3425 molestiam
1835 3409 1852 3439 ‚
1886 3378 1944 3424 et
1965 3367 2204 3427 minime
2231 3390 2494 3429 necessa-

352 3477 500 3537 riam
520 3517 538 3549 ‚
552 3475 725 3535 'Zeno
756 3476 973 3555 primus
992 3519 1009 3548 ‚
1052 3486 1181 3555 post
1205 3471 1506 3531 Cleanthes
1531 3514 1548 3544 ‚
1571 3470 1782 3531 deinde
1806 3470 2194 3555 Chrysippu5‚,
2207 3496 2494 3535 commen-

352 3584 605 3645 titiarum
631 3580 949 3649 fabularum
978 3580 1217 3641 reddere
1236 3580 1518 3639 rationem
1541 3601 1557 3648 ;
1583 3590 1642 3638 et
1659 3579 2063 3639 vocabulorum
2083 3624 2099 3654 ,
2123 3603 2228 3641 cur
2245 3583 2488 3663 quidque

354 3692 435 3751 ita
475 3684 825 3772 appellatum
865 3688 939 3745 sit
954 3730 971 3759 ‚
1004 3706 1200 3749 causas
1242 3685 1550 3767 explicare.
1591 3710 1619 3737 »
1657 3684 1863 3765 Culpat
1899 3699 1959 3745 et
1990 3684 2318 3747 Lactantius
2343 3688 2488 3747 Stoi-

354 3796 536 3879 cos(1
566 3819 695 3878 cap.
731 3817 751 3855 1
768 3794 839 3878 7)
863 3819 880 3854 ε
908 3822 935 3848 ιι
956 3793 1111 3876 quod
1131 3814 1307 3875 quum
1335 3814 1452 3851 non
1473 3788 1824 3873 perviderint
1843 3793 1982 3873 quid
2011 3795 2074 3853 in
2093 3816 2229 3853 vero
2253 3796 2328 3853 sit
2348 3838 2365 3867 ,
2385 3818 2482 3853 co·-

355 3916 567 3965 nentur
598 3903 881 3963 fabulares
913 3900 1065 3961 Deos
1088 3921 1219 3958 cum
1244 3920 1436 3958 rerum
1467 3898 1810 3958 naturalium
1828 3899 2046 3959 ratione
2067 3900 2430 3982 conjungere.
2455 3928 2478 3950 ι·

356 4008 433 4069 Et
459 4022 595 4073 vero
630 4009 825 4070 tenuia
860 4008 979 4068 haec
1020 3996 1327 4089 plurimum
1353 4048 1370 4081 ‚
1411 4017 1510 4065 aut
1539 4006 1764 4065 infirma
1783 4048 1803 4081 ,Α
1842 4018 1900 4065 et
1941 4007 2176 4090 argutiis
2213 4028 2363 4089 sape
2401 4010 2486 4067 ri·-
