2667 4475
401 282 495 375 94

980 277 1064 343 L.
1117 276 1471 345 ANNAEI
1518 276 1954 348 SENECAE
2032 282 2037 292 '

288 430 350 481 55
399 434 482 479 ac
497 406 752 477 liberos
771 406 1038 500 genuit.
1063 405 1256 473 Nihil
1275 409 1324 488 ¹,
1357 429 1497 499 quo
1514 407 1868 475 avaritiam
1894 424 2191 477 nostram
2208 408 2563 492 irritaret,

401 526 629 623 posuit
672 527 748 591 in
791 538 1066 617 apert03
1105 521 1401 616 pedibus
1424 548 1667 593 aurum
1692 542 2191 618 argentumque
2216 525 2562 619 subjecit3

399 636 945 733 calcandumque.
977 662 1060 706 ac
1097 626 1547 733 premendum
1588 640 1780 708 dedit
1825 640 2167 733 quidquid
2214 657 2355 727 est,
2402 666 2571 735 pro-

399 773 556 855 pter
603 754 791 849 quod
843 756 1186 825 calcamur
1233 780 1314 825 ac
1368 758 1769 850 premimur.
1826 758 1953 826 Illa
2002 757 2233 826 vultus
2286 775 2568 827 nostros

401 873 620 943 erexit
649 866 752 941 ad
785 872 1101 955 caelum’,
1139 887 1250 955 ct,
1298 872 1643 966 quidquid
1686 875 2123 966 magnificum
2169 874 2565 967 mirumque

400 988 693 1070 fecerat,
727 988 948 1057 videri
975 1012 1018 1055 a
1045 986 1575 1083 suspicientibus
1606 988 1860 1078 voluit3
1894 1006 2087 1061 ortus
2110 1014 2558 1083 occasusque,

401 1117 471 1169 et
511 1102 941 1196 properantis
990 1100 1231 1169 mundi
1273 1102 1645 1171 volubilem
1690 1126 1967 1171 cursum
1990 1153 2011 1187 ‚
2056 1103 2363 1172 interdiu
2416 1120 2565 1171 ter-

403 1238 572 1283 rena
613 1216 1039 1308 aperientem
1063 1265 1082 1299 ,
1131 1231 1341 1283 noctu
1378 1216 1711 1302 caelestia3
1749 1217 1979 1287 tardos
2005 1216 2311 1285 siderum
2338 1219 2567 1287 inces-

403 1358 518 1403 sus
541 1384 560 1417 ,
603 1334 662 1401 si
713 1357 1064 1426 compares
1120 1326 1334 1417 toti33
1384 1334 1813 1404 citatissimos
1836 1386 1857 1418 ,
1900 1337 1959 1403 si
1998 1336 2264 1427 cogites
2302 1353 2563 1427 quanta

401 1452 621 1543 spatia
671 1452 1026 1543 nunquam
1079 1450 1464 1519 intermissa
1508 1451 1865 1520 velocitate
1914 1452 2377 1537 circumeant3
2434 1450 2565 1519 de-

403 1564 620 1635 fectus
653 1566 812 1635 solis
850 1589 931 1636 ac
952 1566 1131 1633 lunae
1156 1615 1174 1646 ,
1209 1566 1505 1634 invicem
1536 1567 1977 1655 obstantium3
2016 1567 2155 1635 alia
2174 1561 2203 1609 ⁴
2232 1566 2565 1659 deinceps

401 1681 614 1773 digna
653 1682 900 1748 miratu
925 1728 944 1762 ,
987 1680 1132 1749 sive
1171 1702 1298 1772 per
1342 1680 1654 1749 ordinem
1702 1681 1995 1749 subeunt
2015 1730 2034 1764 ,
2078 1683 2223 1749 sive
2263 1675 2289 1717 ⁵
2318 1682 2565 1750 subitis

401 1797 624 1863 causis
671 1810 854 1863 mota
899 1795 1269 1887 prosiliunt
1293 1846 1314 1878 ,
1370 1814 1447 1863 ut
1492 1799 1805 1865 nocturni
1854 1800 2119 1891 ignium
2158 1814 2461 1881 tractus,
2498 1816 2567 1865 ct

403 1913 552 1983 sine
583 1912 724 1979 ullo
771 1912 912 1979 ictu
961 1913 1323 2003 sonituque
1350 1907 1375 1949 ⁶
1426 1914 1727 2007 fulgores
1766 1914 1914 1983 caeli
1954 1903 2327 1985 fatiscentis
2349 1918 2406 1999 ⁷,
2450 1941 2565 1985 co—

407 2012 790 2120 lumnaeque
818 2052 898 2096 ac
923 2028 1152 2097 trabes
1173 2078 1196 2115 ,
1228 2044 1297 2097 et
1323 2030 1511 2099 varia
1536 2031 1898 2117 simulacra
1918 2031 2367 2100 flammarum.
2400 2034 2563 2101 Haec

289 1354 354 1407 56

409 2224 593 2276 Noster
635 2222 729 2294 Ep.
777 2237 844 2274 xc
885 2219 977 2274 fin.
1023 2241 1102 2274 ars
1141 2234 1214 2275 est
1239 2222 1437 2276 bonum
1534 2237 1948 2295 quacumpatesc.
1969 2224 2395 2294 s.pah'scenle'sin
2412 2226 2561 2280 codd.

407 2299 522 2353 fieri
539 2313 672 2353 ete.»
695 2299 776 2352 Cf.
799 2297 1054 2352 Plutarch.
1071 2299 1134 2352 de
1155 2300 1330 2352 Placit.
1348 2299 1436 2369 ph.

409 2381 509 2446 IV,
541 2397 614 2432 ιι.
640 2379 735 2432 To.
751 2376 857 2440 ,ΧΠ
873 2419 889 2446 ,
915 2399 965 2452 p.
991 2378 1108 2446 448,
1131 2379 1340 2432 Hutten.
1361 2380 1433 2433 R.

477 2479 522 2512 ι.
541 2459 736 2514 Nihil...
744 2462 1048 2528 premimur.
1074 2457 1227 2511 Conf.
1247 2479 1397 2532 supra
1416 2497 1431 2524 ,

397 2551 456 2608 ‘p.
478 2535 542 2588 65
559 2575 574 2602 ,
595 2557 647 2590 n.
667 2538 714 2601 4.
735 2537 843 2590 ΔΙὶἰ
861 2556 875 2589 z
893 2536 1030 2588 nihil
1043 2538 1254 2606 quidem
1275 2539 1432 2607 quod.

478 2639 521 2670 α.
532 2620 724 2671 Vultus
736 2638 880 2671 erex.
893 2617 1048 2670 Ovid.
1067 2635 1082 2669 ε
1101 2640 1128 2665 ⁴<
1143 2618 1216 2668 Os
1231 2617 1433 2670 homini

407 2695 622 2748 sublime
645 2695 785 2748 dedit
803 2695 1082 2764 caelumque
1101 2695 1228 2748 tueri
1245 2696 1430 2756 Jussit,

410 2785 460 2824 et
491 2783 679 2824 erectos
712 2772 777 2822 ad
810 2770 974 2822 sidera
999 2770 1175 2824 tollere
1197 2772 1382 2824 vultus.
1404 2793 1431 2818 n

475 2851 524 2904 3.
549 2850 615 2904 Si
633 2869 900 2918 compares
935 2854 1044 2903 toti.
1069 2851 1110 2901 I.
1143 2851 1268 2904 caelo
1294 2853 1433 2921 quod

407 2943 722 3004 percurrunt.

475 3009 524 3074 4.
545 3009 914 3076 Obstante‘um5
933 3012 1068 3061 alia.
1087 3011 1188 3061 Pro
1210 3009 1431 3062 maximo

408 3099 596 3159 puncto
612 3124 625 3150 ,
651 3085 790 3158 quod
813 3086 968 3158 vulgo
989 3085 1072 3138 hic
1093 3086 1318 3160 ponitur,
1337 3105 1432 3139 nos

408 3165 763 3218 tantummodo
781 3163 1058 3216 semicolon
1084 3164 1429 3228 adhibuimus,

409 3263 569 3312 quum
614 3242 1009 3296 enumerationis
1049 3243 1114 3296 sit
1157 3241 1294 3296 finis.
1322 3244 1433 3296 Nee

410 3322 552 3375 obest
571 3321 706 3394 quod
723 3325 956 3376 nocturni
975 3333 1184 3390 tractu5‚
1202 3323 1341 3393 quod
1356 3343 1431 3376 se·

410 3401 598 3471 quitur,
631 3415 703 3454 est
725 3400 780 3453 in
801 3400 984 3474 plurali
1008 3421 1242 3466 numero,
1268 3421 1428 3472 quum

409 3479 800 3550 intelligendum
823 3479 885 3531 sit
906 3481 1202 3546 prosiliant.

481 3560 525 3610 5.
545 3557 748 3610 Subite's
770 3559 963 3610 causis.
989 3557 1144 3610 Recte
1157 3556 1235 3606 ed.
1258 3553 1429 3607 Ruhk.

410 3646 458 3687 et
479 3634 550 3686 sic
573 3654 625 3684 a.
647 3653 686 3686 c.
712 3636 781 3685 A.
807 3653 916 3685 non
939 3635 1186 3686 subditis.
1208 3631 1430 3684 Praefero

409 3711 540 3764 illud
560 3749 575 3776 ‚
599 3723 654 3762 ut
677 3710 958 3784 oppositum
975 3710 1064 3772 iis,
1083 3726 1196 3781 quae
1222 3727 1310 3782 per
1340 3729 1433 3761 or-

412 3788 589 3842 dinem
615 3789 844 3840 veniunt.
864 3787 1027 3841 Schw-

481 3865 533 3920 6.
555 3865 682 3920 Sine
712 3869 820 3918 ullo
850 3868 953 3920 ictu
979 3867 1265 3932 sonituque.
1299 3863 1433 3917 Vide

417 3947 534 3998 Bat.
564 3943 752 4013 Quaest.
777 3943 828 4006 Ι,
865 3943 922 4006 14
948 3955 995 3994 et
1025 3946 1096 3994 15.
1115 3941 1299 3995 Ruhk.

485 4043 530 4092 7.
555 4019 875 4076 thiscentis.
899 4019 1120 4096 Vulgata
1145 4033 1216 4072 est
1241 4019 1390 4073 lectio
1412 4057 1429 4086 ,

1534 2302 1893 2368 confunditur,
1918 2313 1969 2354 et
1989 2322 2071 2370 ap.
2098 2301 2294 2356 Tibull.
2324 2303 2361 2356 l.
2384 2307 2415 2356 5
2434 2343 2449 2371 ,
2479 2316 2561 2368 67.

1532 2388 1616 2432 τοῦ
1640 2379 1897 2448 fatiscere
1942 2379 2447 2453 interpretamentum
2490 2399 2559 2434 est

1525 2466 1803 2524 patescere.
1834 2457 2348 2532 Rublc.—·Scliweig.
2372 2461 2459 2512 dat
2458 2465 2557 2530 ja·

1530 2537 1775 2588 miscentes.
1810 2535 2136 2588 Pau-scentes
2174 2535 2327 2588 dabat
2372 2557 2467 2590 ms.
2506 2559 2556 2590 o.

1530 2633 1649 2666 cum
1695 2615 1775 2665 ed·
1818 2612 1890 2666 R.
1928 2627 1977 2665 et
2016 2615 2276 2667 codicibus
2314 2617 2461 2670 Pinc.
2511 2633 2555 2670 et

1532 2691 1681 2743 Grut.
1700 2690 1938 2742 omnibus
1954 2710 1968 2754 ;
1986 2691 2075 2743 ubi
2094 2691 2167 2744 sic
2184 2691 2421 2746 distincta
2444 2715 2555 2746 ver-

1528 2769 1591 2822 ba
1628 2769 1791 2822 voluit
1816 2771 2246 2841 Piumsulgores,
2294 2777 2418 2826 carli
2442 2795 2555 2842 pa-

1530 2858 1769 2901 tescentes
1794 2886 1809 2913 ,
1846 2849 1985 2919 quod
2023 2862 2071 2902 ct
2106 2850 2279 2924 Lipsio
2326 2851 2551 2926 placuit,

1522 2927 1819 2994 putiscentt‘s
1857 2939 2025 2979 tamen
2056 2928 2295 2982 scribenti
2322 2968 2337 2996 ,
2374 2952 2553 3005 nempe

1528 3003 1889 3056 terminatione
1910 3009 1958 3056 is
1976 3025 2066 3075 pro
2082 3025 2157 3058 es·
2174 3008 2435 3078 Fulget-es
2448 3013 2558 3062 coeli

1507 3082 1810 3154 fatiscentis
1848 3082 2039 3156 primus
2084 3084 2245 3138 edidit
2284 3086 2551 3148 Erasmus.

1526 3159 1698 3212 nescio
1727 3173 1897 3212 utrum
1936 3182 1995 3214 ex
2028 3164 2242 3230 coniect.
2280 3185 2351 3218 an
2394 3187 2421 3218 e
2456 3181 2551 3218 vet.

1529 3239 1642 3290 cod.
1663 3259 1813 3308 quem
1838 3239 2049 3310 quidem
2074 3241 2275 3294 nullum
2300 3245 2553 3298 novimus.

1529 3315 1727 3368 Placuit
1751 3329 1921 3369 tamen
1942 3317 1997 3370 id
2015 3319 2227 3372 verbum
2240 3359 2257 3381 ,
2280 3321 2369 3374 sed
2386 3342 2443 3374 ea
2464 3335 2553 3376 ter·

1528 3395 1811 3449 minatione
1836 3417 1989 3468 quam
2014 3397 2213 3452 codices
2242 3401 2403 3454 nostri
2428 3423 2553 3476 pra:-

1528 3473 1730 3526 iverunt
1756 3493 1769 3526 :
1802 3495 1897 3528 nec
1918 3497 2040 3529 vero
2067 3475 2181 3530 satis
2206 3479 2358 3531 nobis
2384 3480 2551 3550 liquet.

1528 3551 1724 3606 Erasmi
1747 3555 2043 3626 scripturam
2064 3557 2225 3610 tenuit
2246 3559 2385 3612 Mur.
2408 3573 2459 3611 et
2480 3579 2553 3612 re-

1526 3631 1730 3683 vocavit
1746 3633 1915 3684 Ruhk.
1934 3637 2031 3686 Ms.
2048 3657 2091 3688 c.
2118 3649 2167 3688 et
2188 3638 2270 3689 ed.
2284 3641 2358 3691 A.
2378 3639 2551 3691 vitiose

1528 3707 1667 3760 haud
1684 3711 1858 3778 dubie,
1874 3711 2110 3782 fulgores
2132 3721 2251 3769 coela‘
2262 3721 2553 3775 columnas-

1530 3809 1631 3858 que
1662 3801 1978 3857 patesce-ntes
1998 3831 2014 3861 ,
2058 3809 2109 3846 et
2144 3797 2385 3850 omittunt
2430 3799 2549 3851 duas

1528 3887 1678 3920 voces
1702 3888 1767 3921 ac
1790 3869 1964 3923 trabes
1982 3909 1997 3936 ,
2032 3891 2157 3942 quas
2192 3874 2423 3946 agnoscit.
2460 3897 2549 3928 ms.

1528 3966 1582 3998 a.
1598 3966 1715 3998 cum
1738 3947 1873 4002 aliis.
1894 3947 1993 4002 Sed
2012 3954 2381 4022 columnasque
2394 3975 2549 4027 agno-

1528 4037 1674 4075 scunt
1692 4023 1811 4076 item
1828 4024 2025 4078 aliivet.
2042 4025 2159 4081 libri
2180 4049 2371 4083 omnes.
2388 4030 2546 4085 Salem.
