2667 4475
431 317 561 383 302
1033 313 1107 376 L.
1165 305 1513 375 ANNAEI
1558 306 1982 377 SENECAE

429 437 853 536 pronuntiet,
891 437 1064 505 alius
1088 459 1216 531 per
1237 452 1657 528 sequestrem
1684 443 1701 473 ²
1742 454 1935 531 agat,
1966 436 2141 505 alius
2166 458 2403 506 eorum
2436 462 2558 505 ma-

427 582 560 627 nus
587 555 838 625 osculis
883 556 1236 623 conterat²
1255 602 1274 635 ‚
1325 552 1577 643 quibus
1620 552 2013 645 designatus
2044 550 2561 645 contingendam

429 694 700 741 manum
731 684 1102 765 negaturus
1121 682 1262 751 est,
1286 690 1556 751 omnes,
1591 669 1899 751 attoniti,
1932 690 2169 735 vocem
2198 660 2565 759 ³praeeonis

427 799 859 881 exspectant3
883 820 984 837 —··
1003 798 1182 850 stare
1207 783 1493 849 otiosum
1510 830 1533 866 ,
1568 796 1635 850 et
1658 776 2003 874 spectare⁴
2028 780 2185 849 illas
2200 781 2559 865 nundinas,

431 924 560 973 nec
609 894 942 971 emeniem
999 897 1371 991 quidquam
1391 948 1413 981 ,
1474 922 1605 967 neo
1640 897 2099 967 vendentem?
2141 898 2431 991 Quanto
2464 899 2565 965 hic

433 1021 690 1114 majore
739 1015 986 1112 gaudio
1021 1016 1312 1100 fruitur,
1354 1015 1475 1107 qui
1518 1035 1657 1083 non
1697 1017 2015 1108 praetoria
2042 1030 2165 1083 aut
2194 1015 2567 1083 consularia

431 1132 706 1205 comitia
739 1156 1018 1203 securus
1053 1133 1385 1215 intuetur,
1420 1130 1541 1197 sed
1568 1154 1815 1225 magna
1842 1130 1961 1199 illa
1982 1122 2043 1216 ⁵,
2072 1131 2145 1197 in
2182 1130 2443 1222 quibus
2464 1131 2565 1198 alii

299 1312 320 1333 Ι
435 1254 729 1321 honores
743 1248 1244 1318 anniversarios
1257 1240 1284 1282 ⁶
1305 1260 1579 1339 petunt,
1604 1244 1725 1313 alii
1752 1260 2115 1337 perpetues
2140 1248 2160 1291 ⁷
2180 1260 2561 1337 potestates,

431 1367 548 1435 alii
569 1367 906 1435 bellorum
943 1378 1226 1431 eventus
1258 1383 1619 1456 prosperos
1644 1357 2199 1451 triumphosque,
2237 1359 2365 1427 alii
2400 1358 2564 1427 divi·

429 1487 598 1570 tias,
631 1485 748 1553 alii
791 1483 1220 1551 matrimonia
1251 1505 1332 1550 ac
1375 1480 1667 1564 liberos,
1710 1477 1825 1545 alii
1860 1476 2147 1545 salutem
2186 1500 2383 1545 suam
2412 1502 2567 1545 suo-

432 1596 758 1692 rumque!
803 1599 1064 1692 Quanti
1091 1599 1300 1665 animi
1329 1618 1441 1665 res
1468 1610 1571 1664 est
1588 1646 1611 1681 ,
1652 1595 1869 1663 solum
1896 1580 2073 1661 nihil
2096 1612 2373 1686 petere,
2408 1598 2567 1665 nulli

433 1719 818 1812 supplicare
840 1767 861 1802 ,
917 1731 988 1784 et
1023 1714 1252 1783 dicere
1299 1740 1315 1781 ε
1370 1740 1403 1777 ε(
1445 1713 1633 1781 Nihil
1684 1712 1855 1781 mihi
1908 1726 2171 1797 tecum,
2220 1712 2561 1783 Fortuna!

434 1836 587 1901 Non
615 1832 788 1901 facio
815 1832 950 1898 mei
983 1830 1108 1897 tibi
1133 1824 1434 1922 copiam!
1476 1830 1619 1897 ecio
1656 1826 1839 1921 apud
1874 1843 1943 1895 te
1966 1830 2263 1897 Catones
2292 1832 2562 1925 repelli,

429 2038 694 2106 pendeant
709 2072 724 2101 ,
739 2046 832 2087 ete.
847 2032 1006 2085 Vides
1025 2032 1112 2085 hic
1129 2031 1452 2084 comitiorum

435 2114 664 2168 mention
670 2133 747 2165 em
759 2113 934 2165 eadem
944 2111 1136 2164 ratione
1143 2109 1451 2174 habitorum,

437 2214 538 2267 qua
569 2206 794 2267 tempore
827 2188 1040 2266 reipubl.
1079 2188 1252 2244 tibere
1283 2187 1455 2242 habits

435 2286 588 2328 sunt:
613 2291 710 2326 nee
733 2270 1023 2324 adversatur
1038 2267 1244 2320 Tacitus
1265 2267 1453 2320 Annal.

435 2353 482 2420 1,
503 2353 559 2405 15
575 2349 782 2404 comitia
796 2368 823 2401 e
837 2367 1014 2420 campo
1027 2346 1084 2398 in
1098 2344 1286 2399 curiam
1301 2356 1455 2396 trans-

437 2430 536 2483 lata
559 2419 680 2484 tubi
711 2429 775 2481 de
804 2421 1174 2497 magistratibus
1197 2441 1227 2490 a
1260 2421 1457 2474 Senatu

438 2521 488 2560 et
502 2525 610 2561 non
629 2526 659 2559 a
681 2503 870 2579 populo
889 2499 1120 2555 creandis
1141 2498 1353 2552 nonnisi
1366 2519 1457 2552 no·

437 2605 506 2640 vo
519 2586 822 2658 imperatore
835 2579 1132 2634 succedente
1145 2617 1162 2644 ,
1181 2595 1349 2630 sermo
1366 2589 1454 2629 est.

445 2663 668 2731 Templa
683 2658 964 2730 intelligam
979 2658 1044 2710 de
1057 2657 1230 2710 rostris
1245 2674 1283 2709 s.
1295 2655 1453 2708 taber·

437 2743 519 2796 nis
544 2739 866 2804 editioribus,
893 2739 987 2791 nbi
1020 2735 1306 2799 candidati,
1329 2747 1454 2788 teste

438 2817 666 2874 Macrob.
691 2817 742 2882 l,
779 2817 982 2870 Saturn-
1013 2815 1102 2880 ιδ,
1139 2837 1186 2890 p.
1223 2815 1320 2868 282
1351 2814 1458 2887 bip.

439 2893 799 2963 consistebant,
822 2907 879 2947 ut
903 2907 953 2948 et
988 2893 1237 2967 conspici,
1269 2905 1319 2944 et
1342 2911 1456 2945 snos

438 2977 631 3031 hortari
645 2995 750 3030 non
766 2976 877 3027 sine
894 2972 1234 3027 sollicitudine
1251 2991 1310 3026 ac
1323 2972 1454 3026 bene

442 3054 664 3130 excipere
693 3065 896 3122 possent
911 3087 926 3116 ,
953 3067 1096 3122 teque
1120 3069 1176 3103 ac
1203 3049 1455 3118 hodieque

442 3133 576 3207 apud
597 3132 788 3205 Anglos
811 3130 868 3183 in
889 3129 1120 3184 creandis
1137 3126 1454 3181 senatoribus

442 3211 555 3265 fieri
577 3211 720 3264 solet.
755 3210 835 3262 Cf.
868 3209 1159 3263 Schneider.
1193 3207 1272 3258 ad
1303 3207 1367 3260 V
1354 3222 1458 3258 ar*-

442 3309 550 3343 mn.
571 3291 636 3342 de
657 3288 906 3344 ReRust.
932 3287 1038 3351 111,
1069 3305 1125 3350 α,
1157 3303 1200 3336 ι.
1221 3284 1360 3339 Flor.
1384 3283 1453 3346 ll,

451 3391 468 3423 ι
481 3391 510 3422 s
525 3409 540 3433 ,
555 3369 646 3422 ubi
661 3371 912 3436 templum
926 3405 941 3433 ‚
963 3366 997 3417 i.
1019 3385 1062 3417 e.
1081 3363 1460 3417 tabernaculum

441 3448 674 3501 occurrit.
705 3445 900 3517 Lipsius
925 3443 1128 3516 exponit
1161 3439 1224 3494 de
1255 3441 1455 3514 tempiis

441 3527 638 3599 Campo
657 3525 844 3578 Martio
863 3523 1048 3576 vicinis
1065 3561 1080 3586 ‚
1107 3521 1174 3575 ad
1201 3539 1314 3593 quae
1337 3541 1457 3574 can—

443 3604 640 3657 didatos
665 3601 922 3655 divertisse
945 3612 994 3652 et
1013 3600 1198 3652 exitum
1221 3599 1458 3653 counitio-

439 3703 556 3737 rum
577 3693 874 3754 exspectasse
899 3677 1119 3748 conjicit.
1144 3678 1325 3732 Ruhk.

511 3781 555 3813 ι.
589 3758 939 3830 Sequestrem,
963 3775 1070 3809 non
1105 3767 1424 3826 sequestrum
1438 3795 1454 3823 ,

439 3860 491 3893 a.
515 3857 561 3890 e.
585 3837 656 3890 R.
675 3837 748 3888 A.
765 3833 922 3889 Scbw.
937 3861 1004 3875 -
1021 3835 1143 3888 Non
1165 3836 1458 3908 pronuntiet

437 3918 602 3972 solum
629 3929 678 3970 et
695 3916 967 3989 promittet,
987 3915 1074 3966 sed
1094 3931 1332 3967 nummos
1354 3915 1457 3968 de-

439 4007 594 4070 ponat
634 4005 684 4047 ct
719 3991 852 4066 apud
889 3991 1071 4057 alium,
1111 3987 1232 4044 fidei
1275 4009 1423 4045 causa
1438 4029 1456 4058 ‚

440 4074 720 4147 consignet.
743 4071 890 4140 ἱέμε.

1616 2051 1663 2083 2.
1687 2030 1891 2084 Manus
1912 2032 2106 2085 osculis
2122 2042 2371 2089 contem!-
2388 2036 2510 2089 Vile
2528 2048 2567 2087 et

1550 2109 1745 2163 servile.
1768 2110 1903 2161 Nam
1927 2109 2008 2162 ini
2037 2112 2277 2164 Dominis
2298 2114 2373 2166 sic
2397 2115 2567 2169 solent.

1554 2188 1689 2242 Vide
1708 2188 1879 2242 Electa
1896 2202 2067 2243 nostre
2080 2189 2191 2254 ,tiu
2204 2192 2278 2258 11,
2296 2210 2411 2267 cap.
2426 2194 2492 2248 de
2505 2214 2569 2248 os·

1552 2268 1693 2322 culis.
1712 2266 1777 2318 L.
1789 2295 1856 2309 -
1875 2269 1959 2322 De
1972 2269 2359 2324 candidatorum
2384 2273 2569 2326 ambitu

1552 2349 1686 2400 conf.
1710 2347 1899 2399 Adams
1925 2349 1950 2399 1
1966 2385 1979 2408 ,
2004 2369 2052 2421 p.
2080 2349 2173 2400 138
2192 2349 2479 2419 sq-Rulslt.

1618 2424 1667 2476 3.
1713 2426 1904 2478 Vocem
1932 2431 2185 2494 preconis
2224 2427 2315 2497 qui
2346 2441 2567 2482 creatum

1550 2502 1875 2555 renuntiaret.
1902 2501 2083 2555 Rachle.

1620 2582 1665 2647 4.
1692 2577 1770 2632 Ee
1786 2593 2079 2650 spectare...
2104 2583 2432 2636 uadentem.
2446 2585 2569 2636 Nota

1554 2673 1627 2714 est
1656 2660 1775 2714 vitoe
1806 2679 1922 2714 cum
1954 2674 2179 2714 mercatu
2202 2665 2520 2735 comparatio
2546 2683 2569 2714 a

1551 2737 1843 2812 Pythagora
1874 2739 1977 2811 jam
2011 2741 2267 2806 instituta,
2297 2760 2383 2812 ap.
2420 2743 2571 2796 Cice-

1554 2835 1667 2871 ron.
1690 2819 1880 2886 Quae-tt.
1900 2818 2101 2872 Tuscul.
2122 2819 2171 2872 V
2188 2857 2203 2883 ‚
2242 2820 2277 2871 3
2302 2818 2439 2892 ἰδίει.
2462 2822 2571 2874 Da·-

1554 2897 1659 2949 vies
1680 2917 1730 2970 p.
1752 2896 1849 2966 347
1874 2915 1949 2967 sq.
1974 2896 2045 2947 R.
2060 2923 2127 2937 —
2141 2896 2303 2949 Nobis
2324 2895 2449 2952 hec
2472 2919 2569 2951 non

1556 2974 1854 3046 generaliter
1874 2975 1939 3026 de
1954 2975 2059 3027 vita
2072 3013 2089 3041 ,
2108 2974 2193 3028 sed
2218 2977 2285 3028 de
2311 2979 2569 3052 emptione

1551 3055 1908 3128 suffragiorum
1936 3053 2071 3107 dicta
2096 3053 2348 3108 videntur.

1617 3129 1665 3184 Β.
1688 3130 1803 3184 Sed
1817 3149 2015 3202 magno
2038 3131 2151 3184 ma'.
2178 3131 2359 3184 Totins
2392 3132 2571 3186 mnndi

1554 3209 1761 3265 comitia
1773 3249 1787 3276 ‚
1816 3210 2041 3284 praside·
2053 3211 2293 3263 Fortuna.
2312 3211 2509 3266 Rada.

1618 3289 1667 3342 6.
1700 3288 1777 3340 Η.
1802 3292 2185 3343 anniversarios
2208 3287 2539 3360 magistratus
2562 3309 2573 3340 :

1552 3384 1672 3419 nam
1690 3365 1896 3420 Senecae
1906 3378 2131 3439 tempore
2146 3369 2477 3440 magistratus
2494 3371 2575 3422 Ιιο·

1552 3444 1743 3500 norsrii
1760 3465 1803 3497 e.
1818 3465 1860 3498 c.
1880 3445 2113 3499 consules
2126 3447 2323 3500 suffecti
2343 3467 2393 3501 s.
2410 3449 2571 3502 unino-

1554 3539 1631 3575 res
1648 3521 1946 3576 creabantur
1960 3523 2013 3575 in
2036 3525 2143 3577 dies
2158 3543 2447 3579 mensesve.
2464 3529 2571 3580 An·

1552 3601 1825 3652 nivet-sarii
1833 3620 1873 3654 s.
1882 3600 2131 3654 ordinarii
2144 3603 2197 3655 in
2210 3619 2411 3656 annum
2424 3605 2569 3658 creati

1553 3694 1693 3730 anno
1724 3697 1915 3731 nomen
1944 3679 2146 3733 dabant.
2178 3681 2282 3735 Dio
2314 3682 2465 3736 Cass.
2490 3682 2568 3734 lib.

1554 3757 1778 3809 xum!
1802 3795 1818 3823 ,
1846 3759 1925 3810 35.
1959 3757 2138 3812 Ruhk.

1620 3855 1666 3904 7.
1684 3835 1751 3887 P.
1770 3844 2073 3905 potestates,
2094 3838 2127 3888 i.
2152 3857 2195 3889 e.
2220 3855 2417 3908 regna,
2446 3841 2573 3912 prin·

1552 3911 1773 3985 cipatns:
1793 3913 1991 3987 proprie
2014 3933 2227 3967 munera
2240 3933 2447 3970 summa
2468 3937 2573 3991 pro-

1552 3991 1808 4045 vincialia.
1838 3991 1922 4046 Cf.
1951 3991 2151 4046 Ernesti
2176 3994 2303 4048 clav.
2326 3995 2446 4051 Cic.
2472 4015 2575 4048 voc-

1558 4071 1871 4140 Impen'um.
1895 4069 2071 4124 Ruhk.
