2667 4475
422 297 553 390 49²
1146 295 1454 365 JUSTI
1501 296 1822 364 mesu

1107 511 1733 573 DISSERTATIO
1774 513 1849 573 V.

396 745 402 751 .
480 667 575 729 Ea
612 671 775 750 ipsa,
812 669 1075 731 Natus-as
1110 671 1397 751 appellari
1421 693 1441 731 .·
1479 672 1584 732 sed
1615 673 1954 744 eminenter,
2004 655 2227 734 Derim.
2273 673 2526 755 Itemqm

983 775 1261 836 Mundum
1298 777 1359 836 ίη
1397 776 1504 836 hoc
1541 797 1742 837 nomen
1777 778 1982 838 venire.

498 949 757 1010 Diximus
786 947 1075 1010 Essenti'czs
1102 950 1223 1008 sive
1248 947 1528 1028 ‘Natums
1558 949 1700 1011 duas
1731 972 1852 1012 csse
1893 974 1911 1010 ε
1945 949 2110 1034 quod
2135 951 2398 1012 uberius
2425 953 2570 1033 paulo

418 1054 807 1116 diducendum
838 1068 923 1114 est
944 1099 960 1129 ,
993 1068 1049 1116 et
1076 1077 1237 1115 mens
1266 1078 1334 1116 ac
1363 1077 1548 1116 sermo
1579 1057 1673 1116 hic
1703 1057 2020 1118 Stoicorum
2051 1057 2448 1138 explicanda.
2481 1056 2570 1114 La-

424 1164 667 1222 ctantius
698 1161 1211 1246 praeeat(1ib.V11
1227 1206 1245 1239 ‚
1266 1185 1321 1224 c.
1352 1161 1428 1246 3)
1453 1188 1470 1223 ε
1501 1191 1527 1218 α
1553 1163 1724 1224 Stoici
1757 1165 2032 1226 Naturam
2055 1167 2122 1224 in
2143 1163 2304 1224 duas
2325 1164 2570 1250 div-{dum

334 1247 343 1255 .
418 1281 605 1350 partes
632 1294 647 1339 ;
672 1291 847 1330 unam
882 1293 1005 1351 quae
1041 1269 1303 1342 Efficiat3
1339 1271 1576 1332 alteram
1596 1316 1615 1345 ‚
1639 1294 1764 1353 quae
1795 1293 1858 1332 se
1888 1271 1964 1332 ad
1993 1270 2346 1332 faciendum
2377 1285 2568 1332 tim-12-

419 1375 593 1436 bilcm
622 1389 887 1458 praestet..
906 1378 975 1437 In
1006 1377 1102 1437 illa
1132 1379 1317 1460 prima
1349 1399 1472 1438 esse
1501 1379 1640 1439 Vim
1667 1379 1952 1450 faciendi;
1986 1380 2046 1438 in
2078 1377 2192 1438 hac
2229 1378 2534 1439 Materiam
2549 1421 2564 1444 ‚

420 1505 526 1544 nec
554 1483 795 1544 alterum
822 1486 949 1546 sine
976 1485 1152 1544 altero
1186 1505 1309 1544 esse
1337 1505 1527 1566 posse.
1562 1486 1652 1546 Ita
1677 1488 1772 1546 isti
1796 1508 1914 1546 uno
1948 1485 2178 1546 Naturae
2213 1488 2466 1546 nomine
2493 1506 2566 1544 m

419 1590 828 1650 diversissimas
859 1589 1414 1672 comprehenderunt
1437 1635 1456 1665 ‚
1491 1591 1676 1652 Deum
1707 1605 1767 1652 et
1793 1590 2080 1652 Mundum
2113 1635 2132 1666 ‚
2171 1590 2482 1652 Artificem
2521 1603 2564 1648 d

418 1695 581 1777 Opus
599 1739 617 1771 ,
653 1697 961 1778 dicuntque
990 1698 1231 1758 alterum
1262 1698 1387 1757 sine
1417 1699 1597 1758 altero
1626 1696 1770 1757 nihil
1807 1719 1973 1780 posse
1989 1741 2008 1772 ‚
2039 1709 2332 1780 tanquam
2369 1700 2568 1760 Natura

422 1802 496 1860 sit
525 1802 681 1861 Deus
712 1801 939 1862 Mundo
970 1805 1307 1885 permixtus.
1343 1803 1396 1864 N
1399 1825 1492 1862 am
1533 1803 1822 1864 interdum
1851 1803 1932 1864 sic
1961 1803 2340 1864 confundunt
2363 1849 2388 1878 ,
2421 1819 2486 1864 ut
2509 1805 2564 1860 sit

422 1907 579 1967 Deus
608 1910 733 1989 ipsa
761 1908 930 1968 Mens
958 1909 1159 1969 mundi
1186 1955 1204 1985 ,
1239 1923 1298 1970 et
1324 1909 1581 1973 Mundus
1615 1912 1690 1970 sit
1715 1911 1936 1992 Corpus
1965 1911 2098 1970 Dei.
2133 1936 2164 1963 n
2209 1910 2426 1970 Habes
2465 1910 2566 1970 sm

424 2035 548 2094 quae
590 2015 788 2074 Cicero
816 2036 1005 2096 „supra
1021 2059 1040 2090 ,
1072 2015 1173 2076 sed
1200 2016 1373 2098 paulo
1403 2018 1584 2099 magis
1614 2017 1896 2098 explicata
1929 2040 1948 2076 ε
1983 2015 2270 2098 videoque
2301 2028 2366 2076 et
2395 2018 2564 2076 nem

422 2119 715 2182 Naturam
746 2121 857 2182 dici
876 2166 893 2196 ‚
928 2135 983 2183 et
1012 2123 1340 2184 Materiam.
1373 2123 1487 2185 Sed
1515 2125 1678 2184 illum
1709 2126 1961 2186 maxime
1981 2167 2000 2198 ‚
2047 2136 2345 2204 quatenus
2391 2137 2564 2218 tamea

422 2229 669 2289 insertus
698 2243 784 2290 est
810 2229 1033 2293 Mundo
1048 2276 1069 2306 ‚
1102 2245 1161 2293 et
1200 2231 1411 2293 molem
1451 2231 1599 2291 hanc
1625 2231 1842 2291 animat
1863 2274 1882 2305 ‚
1915 2231 2322 2311 continetque.
2373 2229 2564 2291 laen-tii

423 2337 724 2407 istamens
743 2335 855 2419 (In
886 2337 1155 2420 Zenone)
1187 2362 1204 2397 ε
1232 2364 1260 2393 α
1285 2338 1558 2399 Naturam
1598 2336 1768 2397 modo
1803 2336 2004 2397 dicunt
2025 2379 2044 2409 ‚
2069 2358 2200 2397 eam
2235 2360 2374 2419 quae
2405 2338 2566 2397 Mun-
2628 2413 2629 2431 Χ

425 2443 563 2504 dum
592 2446 881 2515 continet3
912 2444 1084 2504 modo
1114 2445 1268 2503 illam
1298 2464 1424 2522 quae
1453 2443 1638 2524 gignit
1665 2440 2040 2523 producitque
2069 2462 2250 2523 super
2281 2455 2516 2503 terram.
2539 2468 2560 2491 ι

427 2550 616 2609 Prima
646 2551 741 2609 illa
775 2551 947 2611 dictio
968 2594 985 2625 ,
1018 2563 1106 2610 est
1131 2560 1322 2608 nostra
1357 2572 1374 2605 ε
1407 2560 1465 2608 et
1494 2548 1690 2609 Cicero
1719 2548 1907 2628 palam
1926 2547 2042 2608 huc
2071 2547 2348 2629 adspexit
2362 2594 2382 2623 ,
2409 2552 2564 2609 imm

426 2656 597 2714 vertit
614 2698 631 2729 ,
665 2677 843 2736 quum
866 2656 1092 2737 scripsit
1114 2653 1213 2736 (II
1242 2652 1330 2713 De
1361 2654 1563 2713 Natur.
1589 2651 1794 2734 deor.)
1816 2677 1833 2714 ε
1865 2678 1892 2707 α
1919 2653 2142 2713 Natura
2159 2656 2564 2737 estigiturquae

429 2760 695 2819 Continet
722 2759 1009 2837 Mundum
1041 2780 1267 2820 omnem
1286 2802 1303 2832 ,
1339 2780 1586 2840 eumque
1615 2772 1807 2819 tuetur
1839 2782 1857 2817 ε
1891 2770 2066 2841 atque
2089 2780 2162 2817 ea
2191 2760 2438 2839 quidem
2467 2782 2562 2819 non

428 2867 550 2926 sine
579 2889 751 2927 sensu
782 2880 953 2949 atque
982 2868 1223 2927 ratione.
1257 2893 1284 2919 ι»
1308 2865 1444 2925 Sine
1475 2886 1646 2925 sensu
1675 2864 1960 2947 quomodo
1989 2866 2208 2945 possit,
2241 2886 2436 2945 quum
2459 2868 2564 2945 ipsa

428 2976 501 3034 sit
531 2974 627 3033 illa
668 3002 697 3029 «
734 2976 983 3035 sentiens
1026 2985 1082 3032 et
1116 2973 1440 3055 intelligens
1479 2997 1507 3024 >v
1530 3014 1550 3046 ‚
1585 2971 1646 3031 id
1676 2983 1797 3044 est,
1835 2970 2037 3031 Deus?
2070 2969 2236 3029 Idem
2279 2973 2560 3052 scriptor:

351 3082 365 3089 ’
434 3109 461 3134 α
496 3081 783 3141 Mundum
802 3092 860 3140 et
880 3081 1001 3158 ejus
1023 3090 1212 3160 partes
1234 3078 1452 3138 Natura
1473 3078 1752 3137 sentiente
1770 3078 1954 3136 teneri
1979 3119 1996 3149 ,
2021 3077 2083 3135 in
2109 3096 2228 3156 qua
2247 3074 2430 3136 Ratio
2445 3099 2566 3157 per-

427 3187 573 3248 fecta
606 3188 739 3247 insit
763 3232 779 3262 ,
824 3208 949 3269 quae
989 3187 1065 3245 sit
1093 3184 1293 3245 eadem
1341 3185 1706 3265 sempiterna.
1759 3183 1945 3258 Quam
1991 3182 2110 3242 vim
2151 3182 2420 3241 animum
2457 3202 2564 3241 esse

429 3294 629 3354 dicunt
654 3294 901 3367 Mundi,
928 3292 1303 3374 eamdemque
1325 3312 1448 3351 esse
1471 3290 1729 3351 Mentem
1747 3288 2216 3371 sapientiamque
2235 3288 2509 3349 divinam.
2537 3313 2560 3338 ι

428 3398 609 3459 Vides
640 3400 789 3459 clare
806 3444 825 3473 ‚
856 3399 1005 3459 hanc
1048 3398 1321 3459 Naturam
1336 3441 1354 3471 ,
1399 3397 1657 3458 Mentem
1687 3380 1810 3455 esse
1840 3396 1948 3455 Dei
1980 3408 2036 3454 ct
2069 3392 2385 3453 Rationem
2403 3438 2419 3469 ‚
2463 3414 2562 3451 uno

427 3506 602 3565 verbo
619 3506 807 3566 Deum
836 3531 853 3565 ε
882 3506 1022 3588 quid
1041 3494 1196 3568 enim
1220 3508 1281 3566 in
1299 3506 1400 3565 illo
1416 3549 1433 3580 ‚
1458 3506 1570 3563 nisi
1583 3516 1776 3565 nostra
1795 3502 2182 3576 distinctione,
2201 3500 2558 3561 distinctum?

428 3610 699 3693 Seneca(
712 3613 797 3672 IV
829 3613 919 3672 De
948 3612 1148 3674 Benes.
1183 3634 1310 3695 cap.
1364 3610 1444 3695 7)
1477 3636 1494 3670 z
1535 3638 1562 3665 «ι
1595 3610 1750 3687 Quid
1779 3608 1934 3670 aliud
1975 3621 2061 3669 est
2103 3609 2364 3684 Natura,
2409 3630 2558 3691 quam

430 3719 588 3779 Deus
610 3762 628 3794 ‚
670 3732 727 3778 et
754 3720 949 3783 divina
977 3719 1148 3780 Ratio
1170 3765 1188 3795 ,
1224 3722 1325 3781 toti
1357 3720 1574 3780 mundo
1611 3732 1668 3779 et
1708 3718 1964 3800 partibus
1997 3719 2122 3797 ejus
2149 3717 2406 3781 inserta?
2441 3744 2466 3769 ο
2497 3712 2554 3773 Et

432 3827 566 3887 alibi
594 3827 693 3911 (ΙΙ
722 3828 929 3902 Quaest.
958 3828 1161 3889 Natur.
1195 3850 1322 3909 cap.
1359 3826 1479 3910 45)
1497 3848 1725 3888 causam
1750 3827 1920 3885 etiam
1942 3824 2348 3905 appellationis
2374 3824 2556 3903 adjun-

433 3934 515 4015 git
547 3960 564 3994 ε
606 3962 633 3990 ιι
674 3936 779 3995 Vis
820 3937 1006 3995 Deum
1037 3946 1095 3994 ct
1125 3934 1401 3995 Naturam
1430 3933 1672 3995 vocare?
1705 3955 1818 3993 non
1850 3930 2116 4013 peccabis
2143 3954 2161 4001 ;
2195 3943 2286 3989 est
2313 3932 2460 3991 enim
2494 3950 2548 3987 ex

434 4064 550 4121 quo
578 4054 712 4103 nata
742 4055 874 4103 sunt
904 4042 1117 4101 omnia.
1159 4067 1188 4094 n
1224 4039 1550 4101 Lactantius
1581 4041 1742 4120 ponit
1769 4040 1876 4099 hoc
1899 4082 1916 4113 ,
1942 4048 2000 4096 et
2021 4036 2306 4118 approbat
2327 4035 2450 4119 (lib.
2473 4036 2548 4105 Π,
