2667 4475
467 276 602 370 672
1133 348 1140 353 ,
1201 270 1503 346 JUSTI
1550 246 1883 346 mpsn

467 418 697 502 Species
717 410 982 483 di'vidunt
1000 416 1288 479 Animam.
1317 418 1674 499 Huiusmodi
1694 432 1887 480 autem
1908 442 2037 480 non
2060 429 2179 481 tum
2200 420 2367 483 Partes
2378 422 2514 481 Anius

468 538 602 585 sunt
624 568 641 599 ,
687 545 860 606 quam
887 524 1058 585 Vires
1079 566 1098 599 ,
1143 536 1204 585 et
1254 526 1549 600 efficaciae,
1593 538 1652 586 et
1684 525 1897 607 Operae
1932 550 1955 586 ε
1990 526 2144 587 sicut
2184 526 2255 587 de
2280 527 2515 610 quibusdan

465 631 822 715 (vegetante
837 676 856 706 ‚
878 631 1173 693 sentiente
1189 676 1206 706 ‚
1229 629 1515 693 Rationali
1532 628 1578 716 ,)
1600 645 1659 693 et
1675 632 2018 693 Aristoteles
2037 632 2354 715 judicavit·
2374 634 2519 693 Semim

467 738 659 812 vides,
691 760 816 820 quae
845 739 908 797 in
933 738 1176 797 multam
1201 750 1260 797 et
1287 738 1528 823 uberem
1552 758 1795 799 messem
1824 752 2117 821 surgant,
2150 740 2198 800 si
2228 738 2519 800 colerelubeat

465 858 524 906 et
553 866 811 905 evocare.
845 842 984 904 Levi
1013 866 1192 903 manu
1220 844 1318 903 fiat
1331 886 1349 918 ,
1384 856 1444 903 et
1472 866 1589 925 qua
1618 845 1760 908 utile
1784 846 1959 905 nobis
1996 858 2103 905 aut
2132 867 2291 927 opus.
2320 846 2515 908 Pximun,

471 980 500 1005 ιι
523 951 798 1012 dividitur
815 972 850 1011 a
871 950 1105 1010 Platone
1132 952 1194 1009 in
1223 951 1390 1011 duas.
1419 976 1448 1004 ιο
1482 948 1671 1009 Etiam
1700 952 1761 1010 in
1786 962 1903 1011 tres
1936 952 2291 1011 creberrime
2313 948 2517 1011 esedPln-

465 1056 695 1117 tal-chus
725 1070 1034 1137 utrumque
1063 1056 1248 1131 dicet,
1277 1056 1381 1139 qui
1404 1057 1509 1117 {iat
1534 1054 1661 1139 (lv
1688 1056 1762 1117 de
1782 1056 1991 1117 Placit.
2020 1055 2129 1135 c.4
2144 1056 2193 1139 ).
2226 1084 2257 1111 κ
2278 1056 2517 1137 Pythagoras

465 1177 524 1225 et
553 1162 714 1225 Plato
727 1204 755 1238 -,
791 1165 1098 1225 summaria
1125 1163 1379 1245 quadam
1406 1164 1628 1225 ratione
1661 1163 1930 1223 Animam
1962 1176 2231 1225 statmmt
2258 1163 2515 1245 bipertitam.

465 1270 821 1333 Rationalem
849 1282 910 1329 et
937 1270 1333 1331 Irrationalem
1362 1293 1379 1329 ε
1406 1282 1467 1330 at
1494 1270 1746 1353 pressius
1772 1282 1833 1331 et
1856 1272 2191 1331 eccm-atius
2206 1314 2225 1344 ,
2252 1270 2515 1351 tripafiun:

465 1400 599 1439 nam
632 1378 1024 1439 Irrationalem
1052 1374 1208 1437 illam
1237 1378 1445 1437 iterum
1476 1377 1745 1437 dividunt
1768 1378 1829 1436 in
1858 1374 2224 1438 Irascentem
2250 1388 2303 1436 et
2324 1376 2517 1452 (ἰσοτιμί-

463 1496 739 1545 scentem.
764 1510 791 1537 υ
823 1482 1036 1557 Addit,
1075 1510 1104 1537 αι
1131 1484 1194 1542 in
1215 1496 1328 1543 tres
1356 1505 1391 1543 a
1418 1482 1672 1545 Zenone.
1704 1510 1731 1537 n
1764 1482 2156 1544 Doctissimus
2189 1482 2425 1541 Pamelius
2444 1500 2518 1537 an>-

463 1591 608 1674 bigit
637 1614 710 1651 an
738 1614 857 1652 non
895 1614 938 1651 a
976 1590 1034 1651 V
1030 1612 1231 1651 amne
1251 1636 1272 1677 ‚-
1319 1592 1457 1649 nem
1494 1589 1707 1665 Stoici,
1746 1590 1934 1670 inquit
1956 1634 1977 1665 ,
2022 1604 2163 1651 octo
2206 1612 2295 1649 eas
2326 1588 2513 1648 fecum

463 1696 636 1771 Quod
665 1718 865 1757 verum
897 1698 1070 1757 estin
1101 1694 1345 1777 Physica
1370 1696 1469 1757 illa
1488 1740 1507 1769 ,
1548 1708 1615 1756 ut
1652 1698 1735 1757 sic
1768 1695 1995 1771 dicam,
2028 1710 2093 1757 et
2124 1718 2230 1779 pro
2265 1707 2423 1755 natura
2448 1702 2513 1749 tota

462 1806 713 1878 Animae,
742 1804 1024 1865 divisione
1055 1826 1072 1862 ε
1101 1815 1162 1863 at
1184 1804 1286 1863 ubi
1313 1802 1551 1863 Mon-alis
1578 1824 1670 1865 res
1696 1825 1811 1887 prae
1834 1825 2017 1865 manu
2036 1846 2057 1877 ‚
2088 1817 2210 1864 tres
2236 1804 2379 1863 etiam
2398 1808 2513 1879 par&

461 1912 745 1971 faciebant
772 1934 904 1971 cum
937 1908 1174 1971 Platone
1192 1955 1211 1986 ,
1246 1938 1274 1965 α
1301 1910 1659 1975 Rationalem
1676 1955 1695 1985 ,
1730 1910 2091 1971 Irascentem
2116 1912 2238 1971 sive
2254 1908 2509 1969 Animam·

463 2030 522 2077 et
547 2018 1064 2100 concupiscentem.
1093 2043 1123 2071 ι»
1161 2014 1212 2075 Ε
1242 2017 1461 2077 Seneca
1498 2038 1637 2077 mox
1672 2016 1915 2077 videbis.
1954 2017 2140 2077 Porro
2160 2064 2176 2087 ,
2218 2043 2247 2070 ι
2268 2017 2322 2075 in
2345 2012 2513 2093 quinque

463 2137 522 2185 et
549 2126 610 2185 in
641 2146 746 2187 sex
773 2147 808 2185 a
835 2124 1105 2185 Panaetio.
1136 2152 1164 2179 ιι
1197 2125 1365 2186 Idem
1392 2124 1677 2185 Pamelius
1706 2124 1947 2207 ambigit
1982 2146 2061 2185 an
2092 2146 2213 2185 non
2240 2144 2341 2181 vox
2374 2116 2507 2177 defiat.

459 2234 940 2315 scribendumque
973 2259 1004 2288 α
1029 2234 1090 2294 in
1122 2233 1379 2316 quinque
1410 2232 1485 2294 ab
1516 2232 1839 2294 Aristotele.
1868 2259 1896 2284 n
1942 2228 2020 2292 Et
2059 2230 2241 2292 fateor
2266 2228 2391 2288 hunc
2414 2224 2509 2282 inte-

458 2343 570 2402 rim
593 2343 674 2400 sic
699 2341 956 2400 divisisse
983 2363 1002 2400 ε
1028 2339 1132 2400 sed
1157 2340 1286 2421 quis
1315 2337 1390 2400 (le
1419 2339 1666 2400 Panaetio
1690 2339 1929 2398 finniter
1964 2339 2141 2398 etiam
2176 2337 2389 2404 abnuat,
2406 2329 2505 2404 cuj&

459 2449 670 2529 scripta
697 2469 814 2506 non
844 2445 1106 2507 exstant?
1137 2446 1327 2505 Potuit
1354 2445 1416 2503 in
1444 2445 1619 2504 variis
1646 2443 1808 2503 libris
1830 2445 2085 2503 variasse
2103 2485 2121 2516 ,
2156 2454 2213 2502 et
2236 2437 2379 2500 modo
2398 2433 2509 2514 quil?

459 2576 576 2636 que
597 2598 615 2627 ,
647 2555 840 2636 aliquo
883 2553 1158 2635 adspectu
1189 2563 1290 2612 aut
1319 2572 1491 2612 causa
1514 2593 1531 2623 ,
1582 2549 1755 2610 modo
1786 2569 1891 2610 sex
1940 2551 2223 2631 posuisse.
2254 2547 2333 2605 De
2358 2537 2507 2601 senuit>

461 2682 702 2720 numero
722 2705 738 2734 ‚
765 2662 929 2720 estin
955 2660 1204 2720 Nemesii
1234 2658 1516 2718 Antistitis
1542 2657 1737 2717 libello
1758 2656 1848 2717 De
1868 2658 2079 2716 Anima
2098 2655 2190 2739 (c.
2230 2650 2353 2732 15)=
2374 2645 2507 2705 «2⁶³⁰

460 2765 680 2828 Stoicus
701 2809 718 2840 ,
749 2766 969 2846 inquit,
1009 2777 1344 2825 octonarum
1375 2763 1625 2846 partium
1654 2764 1923 2824 Animam
1945 2785 2069 2824 esse
2101 2773 2311 2834 censet,
2334 2753 2505 2838 ptffl'ffi‘

459 2895 586 2932 eam
625 2874 688 2932 in
720 2872 1044 2954 Principem
1075 2869 1519 2954 facultatem(·r‹3
1552 2869 1897 2954 ἡγεμονικόν)
1920 2917 1938 2946 ,
1972 2873 2035 2931 in
2070 2873 2312 2954 quinque
2330 2863 2499 2924 Senffls

458 2992 517 3040 et
554 2979 729 3041 Vocis
775 2977 1064 3040 mittenda
1085 3020 1103 3051 ,
1156 2978 1613 3060 procreandique
1662 2979 1801 3038 vim.
1856 2977 2138 3038 Panaetius
2178 2973 2346 3059 (male
2383 2965 2505 3028 editur

461 3082 744 3168 Panaetus)
776 3083 1145 3166 philosophus
1179 3084 1416 3146 edenda
1443 3085 1618 3147 Vocis
1646 3085 1971 3146 facultatem
1990 3130 2007 3159 ,
2042 3083 2293 3145 motionis
2318 3079 2413 3157 eju!
2430 3087 2499 3150 ΨΒ

460 3217 566 3277 per
592 3215 656 3254 se
684 3193 951 3254 animalia
991 3193 1246 3266 cientur,
1290 3206 1511 3274 partem
1549 3215 1673 3255 esse
1704 3193 1829 3253 vult
1864 3217 1884 3252 ε
1917 3204 1975 3253 et
2002 3191 2233 3274 quidem
2258 3181 2497 3250 rectissime·

463 3299 907 3361 Procreatricem
933 3320 1070 3360 vero
1088 3343 1105 3374 ‚
1135 3322 1252 3360 non
1280 3302 1501 3361 Animae
1521 3344 1538 3376 ,
1568 3299 1673 3362 sed
1701 3299 1925 3362 Naturae
1956 3311 2197 3381 partem.
2222 3324 2247 3350 n
2272 3295 2395 3356 Duas
2414 3301 2499 3364 2¹3⁰

461 3407 536 3487 (le
581 3419 708 3466 octo
750 3407 930 3480 tollit,
979 3429 1082 3467 sex
1129 3407 1420 3490 relinquit.
1467 3407 1662 3492 Pergit
1696 3407 2079 3468 Tertullianus
2105 3451 2122 3481 ,
2170 3433 2199 3460 α
2218 3405 2273 3463 in
2302 3409 2459 3478 ,eptem
2478 3409 2497 3444 ³

463 3515 698 3577 Sorano.
723 3538 752 3566 n
784 3513 943 3572 Nihil
965 3513 1113 3574 ultra
1143 3515 1260 3574 scio
1277 3558 1294 3588 ‚
1328 3526 1429 3575 aut
1453 3515 1589 3597 legi.
1628 3541 1657 3568 ιι
1682 3513 1753 3574 In
1786 3517 1912 3575 octo
1939 3535 2118 3597 penes
2140 3510 2458 3592 Chrysippum·
2474 3519 2491 3542 ·

461 3624 646 3683 Immo
667 3634 723 3681 et
745 3619 1033 3681 Zenonem
1053 3665 1069 3694 ,
1099 3634 1165 3680 ut
1187 3641 1359 3703 supra
1384 3621 1685 3681 Nemesius
1702 3666 1720 3696 ,
1747 3634 1807 3681 et
1830 3623 2201 3682 communiter
2221 3633 2383 3677 omnes
2396 3603 2495 3666 3¹⁰*

461 3752 577 3790 cos.
613 3728 871 3791 Laertius
903 3751 920 3787 2
957 3755 985 3781 α
1011 3726 1208 3816 Partes
1241 3727 1459 3789 Animae
1490 3741 1618 3788 octo
1652 3729 1851 3789 dicunt
1869 3773 1886 3804 ,
1918 3730 2171 3810 quinque
2201 3725 2398 3787 sensus,
2422 3709 2491 3769 5⁴⁵·

467 3836 737 3895 minalem
768 3837 830 3894 in
871 3834 1036 3893 nobis
1073 3833 1192 3893 vim
1215 3879 1231 3906 ,
1265 3833 1538 3895 Vocalem
1563 3879 1581 3908 ,
1615 3847 1673 3895 et
1700 3833 2169 3896 Ratiocinantem.
2198 3859 2224 3886 ι
2252 3827 2417 3892 var
2454 3823 2491 3871 '¹‘

467 3941 646 4014 solet,
695 3941 882 4002 stoice
931 3937 1124 4022 (vm
1174 3939 1249 4000 «ιο
1299 3939 1466 4024 mag.
1510 3937 1667 4023 Lat.)
1698 3965 1717 4000 2
1753 3968 1783 3995 «
1812 3917 2019 4002 hiim
2058 3941 2230 4005 divisa
2258 3937 2309 3996 in
2336 3937 2489 3990 oetam

465 4060 654 4125 partes
671 4091 688 4121 ‚
735 4049 990 4129 quinque
1037 4047 1245 4128 quibus
1283 4049 1557 4108 sentimus
1582 4091 1599 4122 ,
1634 4061 1851 4109 sextam
1875 4043 2003 4131 'qua
2039 4050 2345 4130 cogitamus,
2368 4027 2491 4111 septi-
