2667 4475
988 349 1433 423 TABULA.
2144 346 2273 415 681·

2188 452 2288 502 Peg.
2358 512 2368 523 ,

179 529 474 592 Ermou
507 528 756 593 CXXII.
788 530 998 593 Contra
1025 550 1122 591 eos
1149 532 1250 611 qui
1277 541 1541 591 naturam
1566 531 1855 591 invertunt
1862 566 2116 587 .......
2168 520 2291 587 336

267 678 392 693 -
514 644 796 709 CXXIII.
829 646 1086 729 simplici
1117 646 1296 707 victui
1327 644 1770 707 assuescendum
1802 666 1822 704 ε
1853 663 2127 725 spernen-

791 762 896 824 'dos
923 762 1232 843 voluptatis
1255 762 1613 824 laudatores.
1648 802 1665 819 .
1686 802 1704 821 .
1729 800 1783 820 ..
1812 802 1827 817 .
1852 798 1909 816 ..
1932 801 1947 815 .
1974 801 1988 817 .
2015 797 2069 816 ..
2098 800 2111 814 .
2166 752 2289 835 348

264 910 390 926 --
513 878 786 942 CXXIV.
831 880 1042 941 Utrum
1072 900 1250 941 sensu
1287 903 1365 940 an
1398 880 1697 941 intellectu
1739 878 2130 961 eomprehen-

33 1081 35 1084 γ
788 996 959 1059 datur
978 996 1194 1057 bonum
1209 997 1238 1057 ’ἕ
1245 1034 2111 1057 ......................
2168 990 2290 1055 356

33 1203 35 1208 Ι
133 1112 460 1175 Clarissimi
487 1113 596 1173 viri
627 1108 705 1173 D.
745 1110 988 1175 Didemt
1023 1112 1442 1175 Testimonium
1470 1111 1546 1174 de
1573 1110 1641 1173 L.
1672 1112 1875 1173 Annaei
1901 1110 2131 1172 Senecae

219 1226 496 1309 Epistolis
531 1246 982 1289 Lunx-cunr
996 1266 1254 1290 .......
1273 1235 1297 1287 ’.
1317 1265 2118 1289 ....................
2169 1220 2284 1308 367

133 1344 488 1427 Fragmenta
511 1344 791 1406 librorum
813 1343 884 1405 L.
922 1345 1124 1406 Annaei
1152 1344 1379 1407 Seneeae
1420 1348 1524 1429 qui
1554 1346 1998 1409 interciderunt.
2021 1387 2037 1403 .
2062 1388 2077 1403 .
2102 1383 2118 1402 .
2171 1340 2291 1403 383

131 1464 482 1547 Fragmenta
509 1484 583 1525 ex
606 1474 864 1525 veterum
887 1464 1052 1525 libris
1083 1463 1320 1525 collecta
1348 1484 1481 1525 eum
1510 1464 1661 1525 Jmti
1692 1461 1871 1546 Lipsii
1896 1463 2077 1523 notis.
2102 1502 2119 1519 .
2172 1456 2293 1522 385

262 1610 387 1625 -
509 1577 602 1639 De
627 1580 1032 1661 superstitione
1037 1614 2115 1641 ...........................
2170 1570 2291 1661 395

131 1698 304 1759 Nova
329 1697 706 1781 Fragmenta,
735 1720 810 1759 ex
851 1698 1240 1781 Palimpsestis
1271 1712 1437 1762 eruta
1445 1736 2117 1759 .................
2173 1691 2295 1774 405

131 1816 207 1879 L.
251 1818 450 1879 Annei
480 1816 706 1878 Seneeoe
735 1815 1161 1901 Epigrammata
1169 1856 2119 1879 ........................
2172 1813 2293 1895 413

134 1936 452 1998 Clarissimi
493 1937 604 1997 viri
646 1934 726 1996 D.
766 1934 1005 1999 Dida-ot
1028 1938 1445 1999 Testimonium
1486 1940 1549 1999 in
1569 1935 1639 1999 L.
1682 1938 1881 1999 Annaei
1907 1936 2133 1999 Senecae

217 2028 649 2139 Epsgmhmm
661 2096 2115 2119 ....................................
2168 2056 2289 2136 433

132 2166 229 2230 Ex
257 2168 327 2229 L.
349 2170 553 2231 Asmaei
581 2170 808 2231 Senecae
835 2171 1000 2233 libris
1021 2170 1310 2256 Excerpta
1335 2172 1599 2255 quadam
1616 2214 1633 2245 ,
1670 2183 1727 2231 et
1755 2172 1943 2233 eidem
1970 2192 2129 2244 non-

217 2289 378 2350 nulla
405 2289 550 2350 falso
571 2291 786 2352 tributa
791 2329 2117 2352 .................................
2168 2287 2293 2369 435

133 2406 188 2465 I.
219 2405 310 2466 De
334 2418 671 2488 paupertate
695 2407 844 2468 liber
859 2449 874 2464 .
912 2447 1625 2466 ..................
1640 2437 1665 2464 -.
1690 2445 2116 2466 ...........
2169 2403 2291 2486 438

129 2517 222 2579 11.
251 2518 345 2581 De
373 2518 643 2582 remediis
674 2519 1068 2586 fortuitorum.
1104 2552 2113 2582 ........................
2166 2517 2281 2600 44ι

135 2635 253 2696 ῙῙῙ.
289 2635 382 2700 De
405 2649 652 2718 quatuor
683 2639 990 2700 virtutibus
997 2677 2113 2704 ............................
2166 2635 2289 2718 448

134 2756 249 2820 lv.
280 2756 371 2818 De
399 2757 656 2818 moribus
661 2795 2112 2818 ....................................
2168 2753 2291 2836 458

133 2873 212 2933 V.
246 2871 514 2955 Epistola
541 2875 768 2938 Seneeoe
797 2887 855 2936 et
884 2874 1074 2938 Pauli.
1111 2915 2113 2936 .........................
2166 2871 2289 2955 464

134 3037 304 3098 Jusn
351 3035 537 3101 Lirsn
583 3041 987 3104 Pm‘smmem
1032 3042 1368 3104 Sroxconuu
1418 3039 1584 3103 Lmu
1635 3040 1731 3102 111
1758 3085 1777 3118 ,
1822 3039 1891 3102 L.
1926 3043 2126 3104 Annaei

215 3155 442 3218 Senecae
473 3161 828 3244 aliorumque
853 3173 1111 3222 veterum
1142 3161 1367 3244 scriptis
1385 3206 1403 3236 ,
1434 3163 1496 3222 in
1532 3161 1733 3244 primis
1776 3161 2123 3237 Quaestioni-

214 3277 322 3338 bus
349 3275 714 3346 Naturalibus
750 3279 1100 3342 illustrandis
1115 3320 1577 3340 ............
1604 3289 1619 3338 ’.
1640 3321 2107 3349 ............
2162 3277 2273 3360 481

921 3479 1152 3554 mann
1185 3479 1501 3532 rannus.

135 3615 518 3676 Dssmmxo
565 3613 618 3674 Ι.
669 3615 875 3677 Aditus
923 3586 1003 3680 in‘
1025 3641 1349 3682 sermonem
1378 3663 1395 3696 ,
1430 3619 1648 3703 aliquid
1689 3619 1764 3683 de
1808 3622 2012 3687 ordine
2056 3625 2117 3684 in

743 3734 1002 3795 docenda
1033 3736 1401 3821 Philosophia
1426 3741 1589 3818 jux-ta
1608 3737 1845 3801 Stoicos.
1884 3741 2117 3803 Placere

745 3848 1089 3932 quibusdam
1110 3893 1129 3925 ‚
1163 3865 1222 3912 et
1247 3853 1415 3912 nobis
1442 3873 1477 3913 a
1508 3851 1769 3937 Physicis
1790 3855 1988 3916 ordiri.
2010 3899 2024 3915 .
2051 3898 2067 3914 .
2088 3899 2103 3916 .
2160 3855 2279 3936 483

256 3981 378 4012 -—-⁸-
447 3990 474 4016 ·.
503 3963 584 4027 11.
635 3965 880 4051 Physica
911 3969 1161 4030 laudata.
1205 3969 1479 4032 Naturam
1519 3993 1879 4034 communem
1912 3987 1971 4034 et
1998 3997 2116 4037 no-

281 4079 292 4090 ’
745 4095 919 4144 stram
949 4104 1020 4143 eo
1041 4081 1252 4144 ducere
1279 4105 1296 4141 ε
1325 4083 1575 4147 fructum
1598 4087 1771 4147 etiam
1794 4087 2035 4147 invitare
2051 4130 2065 4146 .
2087 4128 2104 4145 .
2160 4085 2283 4166 485
