2667 4475
286 776 316 807 2

284 1110 317 1163 3

365 294 495 363 232
946 289 1027 359 L.
1079 288 1437 358 ANNAEI
1483 286 1922 357 SENECAE

362 420 619 489 bonum
641 468 661 501 ,
699 420 1053 513 quaeritur.
1090 421 1386 487 Prosunt
1422 420 1606 486 inter
1639 440 1712 486 se
1744 415 1952 502 boni3
1987 430 2326 484 exercent
2357 418 2560 487 enim

366 538 651 605 virtutes
668 584 687 619 ,
728 551 799 603 et
831 536 1232 630 sapientiam
1265 534 1341 603 in
1371 557 1494 603 suo
1521 546 1700 601 statu
1729 533 2086 613 continent
2119 557 2136 601 ε
2179 529 2562 601 desiderat

365 668 658 745 uterque
682 651 977 744 aliquem
998 701 1017 733 ‚
1052 675 1203 720 cum
1244 674 1381 742 quo
1409 649 1715 719 conferat
1735 654 1753 685 ¹
1779 698 1802 733 ,
1835 672 1991 717 cum
2017 672 2158 741 quo
2187 653 2550 742 ³quaerat.

367 770 635 838 Peritos
668 766 973 837 luctandi
1014 792 1171 837 usus
1198 782 1504 855 exercet3
1545 767 1880 835 musicum
1897 816 1920 852 ,
1958 767 2082 859 qui
2116 766 2328 859 paria
2372 763 2556 833 didi-

370 888 465 955 cit
483 935 502 970 ,
538 900 789 953 mouet.
818 885 1009 977 Opus
1034 898 1137 953 est
1161 898 1232 952 et
1256 884 1564 976 Sapienti
1587 883 1959 977 agitatione
1982 882 2333 951 virtutum
2359 908 2380 947 z
2411 884 2546 963 ita,

370 999 933 1095 quemadmodum
956 1002 1101 1093 ipse
1116 1024 1188 1069 se
1208 1014 1456 1085 movet,
1480 1000 1578 1067 sic
1597 1017 1906 1068 movetur
1921 998 2012 1067 ab
2027 998 2164 1068 alio
2183 1001 2546 1093 sapiente.

365 1118 565 1212 Quid
592 1119 876 1213 Sapiens
906 1118 1210 1211 Sapienti
1244 1115 1605 1210 proderit?
1639 1117 1968 1210 impetum
1997 1115 2102 1184 illi
2133 1114 2340 1185 dabit
2359 1168 2384 1201 ‚
2429 1141 2552 1186 oc·

370 1218 678 1305 casiones
728 1235 1071 1304 actionum
1130 1234 1567 1303 honestarum
1624 1231 2208 1301 commonstrabit.
2269 1235 2548 1303 Praeter

370 1352 514 1421 haec
536 1344 599 1435 ³,
636 1350 899 1443 aliquas
933 1350 1384 1444 cogitationes
1417 1372 1572 1420 suas
1604 1350 1978 1443 exprimet3
2017 1348 2340 1433 docebit,
2385 1376 2543 1444 quae

370 1469 733 1537 invenerit.
768 1468 1052 1559 Semper
1080 1466 1265 1534 enim
1291 1467 1498 1534 etiam
1523 1466 1830 1559 Sapienti
1856 1466 2140 1535 restabit
2157 1462 2188 1511 ⁴
2219 1468 2420 1561 quod
2445 1471 2544 1538 in·

370 1587 640 1669 veniat,
673 1600 743 1652 et
780 1608 919 1677 quo
955 1583 1220 1652 animus
1248 1582 1396 1675 ejus
1430 1597 1770 1651 excurrat.
1805 1582 2028 1652 Malus
2063 1584 2246 1653 malo
2284 1602 2534 1671 nocet3

372 1702 533 1769 facit
568 1723 845 1793 quoque
878 1698 1182 1793 pejorem
1204 1690 1227 1733 ⁵
1252 1748 1275 1784 ,
1314 1700 1484 1766 iram
1503 1747 1522 1781 ‚
1557 1714 1778 1767 metus
1810 1698 2161 1768 incitando
2181 1750 2202 1785 ,
2235 1703 2537 1771 tristitiae

370 1815 805 1901 assentiendo
824 1866 841 1899 ‚
883 1816 1261 1911 voluptates
1298 1811 1642 1903 laudando
1679 1839 1696 1880 ι
1735 1828 1807 1901 et
1830 1828 1998 1899 tunc
2025 1818 2320 1886 maxime
2349 1818 2538 1887 labo-

373 1946 530 1999 rant
555 1930 715 2000 mali
732 1980 751 2013 ,
783 1930 905 1999 ubi
932 1931 1302 2027 plurimum
1320 1926 1348 1975 ⁶
1375 1932 1542 2001 vitia
1563 1932 1904 2000 miscuere
1919 1981 1939 2016 ‚
1973 1934 2138 2004 etin
2158 1958 2381 2005 unum
2401 1936 2538 2007 col·

371 2048 509 2116 lata
531 2048 838 2141 nequitia
861 2063 987 2117 est.
1014 2052 1222 2142 Ergo,
1247 2072 1329 2116 ex
1347 2050 1715 2137 contrario,
1740 2048 1963 2125 bonus
1984 2048 2172 2135 bono
2191 2049 2525 2144 proderit.

373 2205 473 2220 —
496 2165 912 2260 Quomodo?
956 2167 1214 2260 inquis.
1242 2204 1342 2219 -
1371 2164 1714 2235 Gaudium
1752 2165 1854 2234 illi
1889 2166 2166 2253 afferet,
2209 2166 2530 2241 fiduciam

370 2281 806 2365 confirmabit
827 2331 847 2368 2
890 2305 973 2350 ex
1012 2299 1382 2376 conspectu
1415 2297 1664 2350 mutuas
1709 2281 2232 2374 tranquillitatis
2271 2299 2530 2353 crescet

371 2404 731 2492 utriusque
759 2399 1015 2468 laetitia.
1056 2402 1397 2468 Praeterea
1429 2397 1875 2492 quarumdam
1911 2397 2014 2466 illi
2050 2422 2287 2468 rerum
2307 2400 2529 2474 scien-

373 2519 535 2586 tiam
560 2523 580 2566 ⁷
614 2516 838 2585 tradet
871 2542 887 2582 ε
922 2541 1062 2584 non
1090 2518 1274 2583 enim
1303 2516 1532 2598 omnia
1554 2515 1842 2608 Sapiens
1867 2515 1998 2583 scit
2030 2540 2046 2581 ι
2077 2515 2283 2583 etiam
2311 2515 2368 2584 si
2393 2517 2526 2586 scie

374 2651 483 2702 ret
503 2685 523 2718 ‚
562 2633 915 2710 breviores
948 2634 1093 2710 vias
1130 2656 1362 2701 rerum
1394 2630 1644 2726 aliquis
1661 2633 2058 2726 excogitare
2102 2625 2410 2726 posset⁸,
2462 2649 2524 2701 et

374 2751 499 2834 has
529 2750 873 2838 indicare,
900 2773 1027 2844 per
1054 2775 1222 2843 quas
1246 2749 1512 2826 facilius
1531 2753 1558 2800 ⁹
1588 2766 1803 2818 totum
1826 2774 1998 2843 opus
2019 2751 2512 2821 circumfertur.

451 2966 469 2998 ι
481 2984 493 2996 .
521 2945 653 3002 Cum
674 2965 777 3016 quo
792 2945 1035 3017 corfimt.
1058 2944 1192 2998 Cum
1213 2964 1317 3016 quo
1341 2943 1405 3000 de
1503 2946 1638 3016 quod
1659 2943 1834 2998 aberat
1853 2945 2032 3020 vulgo,
2057 2945 2307 3002 dederunt
2323 2965 2374 3000 a.
2395 2965 2436 3000 c.
2455 2947 2518 3001 fl.

377 3023 560 3088 officiis
575 3061 591 3089 ,
619 3023 682 3078 de
704 3022 971 3078 virtutibus
986 3022 1239 3092 loquatur.
1501 3025 1578 3076 A.
1599 3036 1653 3078 et
1674 3023 1823 3076 Grut.
1851 3023 1939 3076 sed
1963 3023 2124 3077 iidem
2158 3043 2336 3078 omnes
2357 3044 2396 3076 a
2425 3043 2520 3077 sa·

444 3125 491 3156 2.
521 3103 655 3164 Cum
688 3123 792 3174 quo
821 3112 1041 3172 quoemt.
1066 3102 1198 3156 Cum
1222 3122 1325 3175 quo
1353 3121 1408 3160 se
1497 3104 1672 3172 pietate
1692 3109 1812 3156 rest.
1829 3099 2099 3166 exhibeam
2119 3101 2261 3172 quod
2274 3122 2370 3174 qno
2389 3121 2516 3178 spet-

375 3181 541 3244 tradat
561 3181 881 3256 indagationi
904 3195 1098 3237 naturae
1120 3194 1170 3235 et
1190 3201 1408 3254 magna-
1502 3192 1574 3235 tet
1597 3193 1831 3256 exputare
1853 3201 1960 3255 non
1983 3181 2144 3256 potui.
2164 3181 2327 3250 δαὴρ.

378 3280 519 3324 rum.
548 3279 662 3334 qun
690 3261 747 3314 in
780 3282 836 3315 ea
862 3261 1206 3328 continentur,
1230 3280 1406 3334 qums·
1572 3262 1621 3328 5
1643 3259 1786 3314 Face·
1783 3272 1806 3314 t
1826 3279 2030 3331 quoque
2045 3265 2273 3332 peiorem
2289 3296 2305 3326 ,
2327 3279 2432 3316 αι.
2452 3259 2514 3314 R.

376 3338 595 3392 tionum·
1505 3340 1576 3391 A.
1595 3336 1818 3433 Quoque
1839 3339 1979 3410 ahest
1996 3337 2138 3411 vulg.
2157 3336 2322 3392 Sclm

447 3415 495 3468 3.
515 3411 721 3471 Proeter
735 3418 1168 3475 hoec...1‘noenerit.
1196 3417 1410 3492 Sapien-
1571 3416 1620 3469 6.
1647 3416 1983 3484 Pha-imm,
2007 3437 2062 3469 a.
2087 3435 2131 3470 c·
2159 3416 2234 3468 R.
2258 3415 2330 3466 A.
2349 3413 2514 3488 Vulgo

379 3497 449 3550 tia
472 3509 544 3551 est
566 3498 779 3569 quidem
808 3499 1100 3568 divinorum
1131 3512 1181 3553 et
1212 3497 1408 3552 huma·
1501 3499 1756 3564 plurium.
1777 3493 1944 3550 Schw.

379 3596 565 3628 norum
588 3575 823 3644 scientia,
859 3589 908 3631 et
936 3597 1051 3649 quoe
1084 3597 1261 3630 eorum
1293 3589 1412 3630 sunt
1573 3595 1622 3661 ⁷.'
1643 3573 1962 3640 Sciendum,
1983 3595 2036 3627 a.
2065 3593 2108 3628 c.
2139 3575 2214 3628 A.
2247 3585 2298 3628 et
2323 3573 2512 3628 (ξι-αἱαὶ

380 3672 570 3720 causae,
598 3653 693 3708 sed
718 3673 874 3725 quum
896 3656 1094 3728 sapiens
1126 3676 1323 3728 semper
1355 3655 1411 3710 in
1509 3655 1702 3707 om'nes.
1730 3653 1994 3707 Notitiam
2015 3653 2132 3706 edd.
2153 3674 2212 3707 ex
2231 3653 2300 3707 R.
2321 3653 2474 3709 Schw-

380 3747 495 3788 actu
510 3745 559 3786 et
572 3753 721 3808 opere
736 3733 820 3800 sit,
841 3745 947 3788 tum
968 3733 1408 3808 contemplabitur,
1573 3735 1817 3790 &Posset
1828 3773 1844 3801 ,
1860 3757 1914 3788 ο.
1933 3734 2006 3787 R.
2025 3734 2212 3790 Possit
2229 3735 2457 3803 eddsum
2473 3755 2512 3790 c.

380 3827 489 3867 tum
510 3824 627 3887 aget
647 3831 660 3866 :
682 3814 905 3888 proderit
924 3814 1095 3887 itaque
1118 3813 1410 3867 communi-
1505 3814 1574 3868 A·
1597 3813 1760 3867 Schw.

382 3893 547 3958 cando
580 3911 695 3964 quoe
725 3891 976 3949 invenerit
1008 3892 1406 3967 cogitaveritque
1571 3913 1619 3966 9.
1643 3892 1755 3945 Per
1775 3909 1914 3961 quas
1925 3891 2208 3964 facilius...
2237 3890 2514 3964 cir-cumscr-

384 3993 497 4036 pum
522 3970 696 4024 amicis
720 3983 769 4024 et
788 3971 1118 4040 sapientibus.
1139 3970 1319 4024 Ruhk.
1505 3979 1606 4024 tur.
1631 3969 1671 4021 I·
1695 3988 1739 4021 e.
1770 3988 1858 4042 per
1883 3987 2008 4039 quas
2041 3979 2202 4020 totum
2231 3987 2349 4040 opus
2371 3987 2514 4024 mum

450 4053 496 4124 4.
512 4049 695 4104 Etiam
705 4049 947 4121 Sapienti
955 4051 1184 4106 oestabit.
1195 4045 1401 4116 Etiam
1504 4047 1704 4103 facilius
1743 4067 1982 4121 peragere
2021 4046 2206 4122 pouit,
2241 4065 2348 4116 qua
2383 4035 2512 4105 faci-‘-
