2667 4475
779 291 1306 365 EPISTOLA
1352 294 1598 366 XCV.
2136 300 2247 365 131

136 429 450 511 animam3
489 424 684 495 Laelii
713 425 1149 517 sapientiam,
1193 438 1262 491 et
1299 446 1452 491 cum
1480 448 1602 492 suo
1630 424 1949 517 Scipione
1976 446 2265 493 concor-

138 547 342 629 diam3
378 543 660 612 alterius
699 540 978 610 Catonis
1017 536 1200 608 domi
1231 540 1535 631 forisque
1562 541 1843 633 egregia
1870 539 2081 626 faeta3
2118 542 2266 611 Tu-

140 661 398 728 beronis
423 660 688 753 ligneos
707 656 992 725 lectulos
1016 660 1069 741 ¹,
1094 678 1304 747 quum
1334 658 1407 723 in
1432 656 1783 750 publicum
1810 660 2260 739 ’stet-nerent,

141 774 562 867 haedinasque
612 796 738 866 pro
787 771 1104 864 stragulis
1148 770 1401 863 pelles,
1460 784 1528 840 et
1579 788 1738 842 ante
1788 772 2003 866 ipsius
2038 769 2062 809 ³
2088 776 2270 843 Jovis

142 894 362 961 cellam
401 882 758 983 apposita⁴
809 887 1112 954 convivis
1155 909 1312 955 vasa
1357 888 1616 956 fictilia.
1660 888 1851 982 Quid
1886 890 2075 959 aliud
2119 909 2221 959 est
2244 944 2264 974 ,

141 1017 590 1097 paupertatem
631 1004 705 1068 in
745 999 1082 1093 Capitolio
1127 1004 1581 1069 consecrare?
1628 1005 1720 1072 Ut
1766 1003 2030 1072 nullum
2083 1005 2273 1073 aliud

145 1122 373 1188 factum
403 1120 552 1212 ejus
586 1118 872 1186 habeam
899 1167 918 1199 ,
965 1140 1101 1208 quo
1132 1115 1324 1184 illum
1364 1118 1735 1187 Catonibus
1768 1120 2095 1204 inseram,
2141 1122 2274 1189 hoc

143 1260 364 1328 parum
402 1233 802 1324 credimus?
845 1234 1148 1301 Censura
1191 1232 1322 1301 fuit
1362 1231 1515 1319 illa,
1560 1258 1697 1323 non
1732 1258 1947 1303 eoena.
1981 1239 2044 1305 Ο
2070 1261 2271 1329 quam
2324 1244 2387 1315 ⁷3

143 1353 448 1443 ignorant
479 1351 794 1418 homines
820 1348 1054 1441 cupidi
1080 1348 1314 1442 gloriae
1343 1398 1361 1430 ‚
1395 1348 1565 1441 quid
1591 1348 1709 1417 illa
1736 1351 1859 1434 sit,
1892 1368 2010 1419 aut
2044 1378 2279 1445 quem-

147 1467 490 1536 admodum
528 1463 823 1558 petenda
850 1461 864 1530 !
911 1465 1038 1533 Illo
1078 1464 1192 1532 die
1221 1464 1516 1557 populus
1540 1466 1885 1535 Romanus
1912 1468 2279 1536 multorum

149 1582 621 1673 supellectilem
651 1580 1025 1674 spectavit,
1061 1580 1263 1649 unius
1291 1580 1574 1649 miratus
1606 1598 1729 1650 est.
1767 1584 2085 1651 Omnium
2121 1584 2278 1651 illo-

147 1720 282 1763 rum
319 1722 563 1767 aurum
607 1714 1108 1791 argentumque
1167 1697 1454 1766 fractum
1508 1714 1643 1782 est,
1704 1714 1772 1769 et
1816 1702 2063 1770 millies
2106 1724 2282 1771 con--¹

148 1810 354 1881 flatum
377 1808 432 1899 ⁵3
480 1829 552 1881 at
582 1812 896 1882 omnibus
933 1813 1197 1885 saeculis
1226 1814 1615 1885 Tuberonis
1642 1818 1877 1886 fictilia
1904 1818 2272 1887 durabunt.

151 1930 319 1999 Vale.

211 2166 248 2198 1.
281 2148 563 2201 Tuberonis
595 2147 793 2213 Iskneos
822 2146 1048 2198 lectulos.
1080 2146 1148 2213 Q.
1245 2150 1522 2215 Romani).
1547 2151 1634 2212 Sic
1663 2164 1797 2205 reete
1819 2148 2057 2205 exhibent
2076 2173 2129 2205 a.
2146 2174 2187 2207 e.
2209 2149 2281 2218 A,

153 2226 270 2280 AElii
294 2224 598 2280 Tuberonis.
639 2225 722 2276 De
768 2243 830 2276 eo
873 2220 1052 2278 Cicero
1093 2224 1151 2277 in
1249 2249 1357 2281 non
1381 2243 1435 2281 ut
1462 2229 1681 2303 vulgate
1705 2230 1819 2282 edd.
1844 2240 2199 2286 sternerentur.
2224 2231 2283 2284 S.

152 2311 272 2360 Oret.
301 2327 394 2382 pre
411 2309 650 2362 Murano
671 2326 718 2358 e.
741 2305 808 2357 36
831 2303 941 2359 baet:
967 2303 1118 2358 habet
1139 2321 1154 2357 ι
1319 2305 1369 2358 3.
1386 2309 1526 2360 Ante
1548 2311 1713 2376 ipsius
1731 2303 1898 2360 Joois.
1920 2307 2087 2382 Epulo
2112 2303 2285 2380 publi-

155 2386 296 2440 Fuit
309 2388 492 2440 eodem
511 2399 560 2438 et
579 2385 752 2439 studio
777 2386 1002 2438 eruditus
1025 2385 1158 2458 apud
1257 2405 1336 2443 eo,
1358 2385 1413 2437 in
1434 2385 1707 2458 Capitolio.
1736 2383 1885 2442 Adde
1910 2385 2069 2457 Epist.
2088 2399 2284 2438 xcviii.

154 2479 297 2539 patres
323 2479 521 2519 nostros
557 2477 601 2518 et
641 2463 884 2517 honestus
917 2463 1073 2516 homo
1111 2475 1161 2515 et
1257 2459 1495 2528 Lipsius.

155 2547 324 2598 nobilis
343 2547 410 2614 Q.
429 2545 656 2598 Tubero.
677 2545 752 2608 Is,
773 2563 934 2615 quum
950 2544 1159 2616 epulum
1325 2541 1373 2607 4.
1393 2541 1683 2608 Αρροείω,
1705 2540 1776 2594 sic
1804 2539 1884 2592 ed.
1910 2541 1979 2594 A.
2022 2559 2125 2594 non
2153 2563 2285 2612 pro-

153 2626 215 2712 Q..
227 2625 474 2678 Maximns
500 2623 735 2679 Africani
763 2621 930 2696 patrui
953 2620 1032 2674 sui
1054 2641 1162 2674 no-
1253 2621 1431 2688 posita
1448 2655 1465 2683 ‚
1485 2629 1542 2670 ut
1568 2617 1739 2689 vulgo.
1758 2616 1921 2672 Schu-

157 2701 278 2753 mine
293 2702 476 2775 populo
494 2703 646 2754 Rorn-
667 2699 840 2762 daret‚
866 2712 1072 2773 rogatus
1089 2709 1162 2751 est
1326 2701 1373 2749 5.
1406 2695 1483 2747 Et
1514 2697 1707 2750 milla'es
1742 2695 2054 2766 conflatum,
2094 2718 2121 2751 a
2148 2697 2285 2750 Pin-

157 2796 182 2827 a
206 2777 416 2831 Maximo
441 2817 457 2846 ‚
495 2789 554 2831 ut
589 2776 864 2830 triclinium
889 2786 1160 2836 sterneret,
1257 2775 1406 2828 cinno
1431 2796 1489 2827 ex
1510 2794 1615 2826 uno
1638 2775 1811 2829 codiee
1834 2771 1944 2842 (sed
1966 2797 2027 2829 eo
2050 2777 2283 2846 alioquin

158 2873 294 2924 quum
317 2869 440 2911 esset
458 2855 668 2908 Tubero
689 2853 915 2927 ejusdem
933 2851 1162 2905 Africani
1255 2853 1491 2925 probato)
1520 2848 1786 2908 laudatum
1815 2855 2006 2928 recepit
2026 2857 2161 2910 Mur.
2189 2874 2287 2910 neu

156 2934 323 2986 sororis
357 2935 496 2988 filius
518 2953 532 2986 ε
557 2946 706 3004 atque
732 2932 820 2985 ille
854 2929 1010 2983 homo
1037 2949 1161 2982 eru-
1256 2934 1463 2986 fortasse
1494 2933 1751 2988 immerito
1770 2935 1961 3006 (quam
1987 2935 2196 2987 lection.
2214 2955 2289 2988 se-

159 3009 413 3066 ditissimus
431 3031 493 3066 ae
518 3011 703 3063 stoicus
721 3007 896 3062 stravit
911 3005 1160 3079 pelliculis
1258 3023 1401 3063 cutus
1414 3011 1545 3063 bene
1561 3011 1844 3084 Lagi-ange
1860 3011 2031 3066 vertit:
2050 3012 2127 3064 Ee
2138 3017 2288 3066 mille

157 3085 350 3142 lia-‚dinis
381 3089 596 3142 lectulos
623 3087 902 3161 punieanos
925 3098 974 3138 et
996 3105 1160 3158 expo·
1237 3090 1361 3161 fiiis
1386 3092 1603 3158 nsondu
1616 3095 1652 3156 ).
1680 3089 1861 3143 θοὴν.
1898 3090 1985 3142 «lat
2006 3093 2063 3142 fn
2094 3093 2291 3144 millies

157 3169 244 3220 suit
257 3189 366 3222 vasa
379 3169 540 3223 samia
559 3168 730 3239 :quasi
752 3185 870 3219 vero
891 3179 1018 3218 esset
1033 3165 1164 3217 Dio-
1257 3165 1541 3237 conflatum
1571 3187 1629 3219 ex
1650 3185 1743 3219 ms.
1767 3188 1821 3219 a.
1843 3169 1865 3236 (
1885 3167 2026 3240 quod
2069 3168 2289 3243 intelligi

159 3263 294 3315 genes
312 3245 536 3317 Cynicus
559 3258 784 3296 mortuus
803 3255 852 3296 et
872 3261 979 3295 non
998 3240 1164 3294 divini
1260 3251 1461 3318 poterat
1482 3243 1764 3312 conflatum
1779 3283 1794 3309 ,
1822 3245 1880 3296 in
1902 3247 2163 3320 ingentem
2188 3267 2289 3320 pe·-

161 3319 363 3377 hominis
400 3323 632 3378 Africani
679 3340 816 3375 mors
858 3321 1164 3374 honestare·
1261 3321 1425 3375 tuniae
1440 3341 1687 3374 summam
1712 3328 2020 3395 procusum).
2058 3324 2143 3376 Sic
2162 3325 2287 3377 item

161 3399 301 3452 turl..
317 3400 616 3456 ..Graviter
635 3401 752 3453 tulit
778 3399 992 3474 populns
1013 3397 1163 3451 Rom.
1261 3399 1341 3452 ed.
1383 3399 1451 3454 R.
1492 3411 1541 3452 et
1575 3399 1777 3453 Gruteri
1808 3402 1957 3455 codd.
1993 3422 2197 3464 omnes,
2232 3403 2287 3454 in

159 3473 278 3530 lianc
299 3497 582 3553 perversam
605 3477 902 3552 sapientiam
921 3473 1165 3529 Tnbero—
1261 3477 1444 3546 quibus
1488 3477 1696 3550 quidem
1738 3481 1913 3531 milies
1930 3515 1946 3546 ,
1983 3499 2075 3551 pro
2110 3499 2251 3532 more
2270 3519 2287 3545 ,

163 3555 288 3608 nis.»
329 3557 601 3630 Exseripsit
643 3555 944 3609 Ciceronem
989 3552 1162 3605 Valer-
1261 3555 1477 3628 simplici
1505 3559 1530 3608 1
1552 3552 1714 3610 littera
1741 3556 1992 3609 scribitur.
2016 3555 2213 3610 Vitiose
2234 3562 2290 3609 e‘n

162 3633 352 3690 Maxim.
374 3637 508 3700 vn,
538 3637 586 3688 5.
611 3633 792 3688 Ruhle.
1262 3637 1457 3688 milites
1498 3634 1578 3687 ed.
1627 3635 1713 3687 Er.
1748 3635 1823 3688 In
1854 3639 1961 3689 vile
1985 3655 2041 3688 es
2079 3631 2135 3704 (i.
2156 3657 2199 3688 e.
2233 3639 2290 3688 ίη

221 3731 260 3764 2-
271 3713 484 3786 Quum‘
463 3735 518 3768 m
534 3717 725 3783 public.
751 3723 1028 3768 sternerent
1037 3711 1166 3778 (scil.
1264 3715 1373 3765 vile
1389 3713 1485 3779 ωε)
1508 3730 1601 3764 ms.
1617 3733 1658 3766 e.
1674 3725 1722 3765 et
1738 3711 1817 3765 ed.
1831 3715 1901 3766 A.

939 3979 1509 4010 ——w
