2667 4475
837 309 1381 380 EPISTULA
1426 310 1666 379 XCV.

2196 312 2318 381 123

175 468 306 513 nec
340 440 508 511 dant
541 441 833 528 malum,
877 466 1008 511 nec
1043 438 1306 509 habent
1342 467 1357 507 :
1396 453 1717 509 caeterum
1752 440 2087 533 castigant
2116 464 2323 532 quos·-

175 559 327 629 dam
348 609 371 644 ‚
403 575 474 627 et
500 572 822 629 coercent
839 608 861 642 ,
894 573 965 627 et
989 559 1298 650 irrogant
1321 580 1555 650 poenas
1576 606 1597 641 ,
1621 572 1689 626 et
1708 551 2076 649 aliquando
2098 557 2325 649 specie

173 675 336 741 boni
388 656 776 772 puniunt¹f
794 676 916 745 Vis
963 677 1144 743 Deos
1191 675 1622 768 propitiare?
1665 674 1885 742 bonus
1922 668 2107 739 esto!
2150 672 2326 741 Satis
2398 698 2510 745 ss

175 792 332 861 illos
368 793 580 860 coluit
601 842 622 875 ‚
664 793 974 887 quisquis
1009 793 1312 861 imitatus
1340 806 1465 859 est.

269 912 449 977 Ecce
488 909 701 976 altera
755 909 1037 1001 quaestio
1061 958 1081 992 ‚
1141 907 1504 1001 Quomodo
1545 906 1937 976 hominibus
1992 908 2079 977 sit
2118 877 2405 999 men—X⁴

173 1022 340 1091 dum
371 1030 427 1090 ².
480 1024 675 1117 Quid
707 1026 1020 1119 agimus?
1065 1048 1218 1118 quae
1266 1023 1503 1094 damus
1534 1026 1928 1119 praecepta?
1954 1027 2049 1095 Ut
2080 1049 2328 1119 parca-

175 1170 325 1215 mus
364 1146 683 1241 sanguini
730 1146 1080 1215 humano?
1126 1146 1530 1239 quantulum
1564 1162 1702 1230 est,
1751 1148 1817 1215 ci
1852 1170 1993 1215 non
2023 1171 2275 1217 nocere
2298 1198 2317 1233 ,

171 1264 289 1329 cui
340 1261 590 1329 debeas
641 1260 999 1355 prodesse!
1055 1267 1309 1357 Magna
1358 1263 1621 1332 scilicet
1666 1264 1811 1331 laus
1846 1278 1987 1347 est,
2031 1266 2087 1330 si
2120 1262 2323 1331 homo

171 1394 568 1445 mansuetus
603 1377 866 1447 homini
903 1375 1036 1447 est!
1079 1380 1559 1473 Praecipiemus
1588 1394 1667 1447 nt
1692 1378 2025 1473 naufrago
2051 1404 2325 1449 manum

171 1496 523 1589 porrigat,
563 1497 820 1565 erranti
857 1498 1036 1564 viam
1072 1512 1437 1579 monstret,
1472 1520 1627 1565 cum
1654 1496 1999 1565 esuriente
2015 1466 2059 1531 ³³
2078 1518 2323 1589 panem
2338 1541 2373 1590 A

173 1636 374 1679 suum
413 1611 728 1681 dividat?
767 1611 1066 1706 Quando
1118 1614 1385 1696 omnia,
1440 1637 1591 1707 quae
1631 1611 2017 1706 praestanda
2056 1628 2212 1681 sunt
2244 1636 2326 1681 ac
2372 1652 2435 1705 5,

171 1726 451 1797 vitanda
474 1778 494 1812 ‚
538 1728 814 1799 dicam?
851 1754 1062 1823 quum
1099 1733 1351 1825 possim
1384 1728 1689 1799 breviter
1719 1730 1899 1797 hanc
1926 1727 2029 1795 illi
2058 1727 2325 1797 formu-

173 1838 358 1913 lam⁴
394 1846 678 1914 humani
715 1846 930 1915 officii
966 1846 1236 1915 tradere
1279 1874 1294 1913 :
1335 1874 1369 1911 ιι
1392 1848 1613 1915 Omne
1643 1846 1777 1915 hoc
1800 1896 1819 1927 ‚
1862 1842 2047 1937 quod
2081 1843 2319 1937 vides,
2370 1895 2377 1905 ·

2316 1820 2377 1890 N

170 1986 316 2055 quo
375 1961 608 2030 divina
660 1978 866 2055 atque
921 1964 1216 2031 humana
1274 1963 1593 2032 conclusa
1649 1979 1842 2045 sunt,
1894 1988 2107 2031 unum
2164 1978 2317 2032 est:

168 2078 480 2147 membra
506 2103 736 2149 sumus
767 2082 1070 2173 corporis
1097 2082 1355 2174 magni.
1394 2083 1651 2149 Natura
1678 2104 1800 2147 nos
1829 2095 2149 2175 cognatos
2178 2078 2326 2147 edi-

169 2191 314 2276 dit,
357 2186 680 2288 quum'ex
713 2187 998 2263 iisdem⁵
1039 2210 1109 2264 et
1151 2196 1225 2264 in
1261 2193 1499 2263 eadem
1547 2194 1887 2289 gigneret.
1929 2196 2091 2265 Haec
2124 2193 2323 2263 nobis
2370 2216 2434 2278 53

165 2335 472 2378 amorem
507 2311 757 2379 indidit
788 2328 1096 2381 mutuum
1121 2363 1140 2394 ‚
1182 2328 1254 2381 et
1288 2311 1647 2380 sociabiles
1677 2311 1874 2397 fecit3
1907 2311 2027 2378 illa
2052 2335 2322 2402 aequum

161 2429 564 2520 justumque
614 2429 989 2522 composuit

1049 2457 1066 2496 ε
1120 2452 1199 2496 ex
1252 2427 1439 2496 illius
1493 2427 1972 2496 constitutione
2008 2427 2323 2496 miserius

167 2561 281 2614 est
321 2569 574 2614 nocere
597 2595 618 2629 ‚
669 2568 871 2639 quam
910 2545 1114 2633 laedi3
1153 2569 1234 2614 ex
1272 2544 1456 2613 illius
1503 2544 1793 2638 imperio
1833 2535 2134 2638 paratae⁶
2164 2559 2325 2612 sunt

165 2839 444 2914 Perpetem
468 2837 628 2912 vulgo
649 2857 824 2893 nocere
841 2841 975 2893 velle
991 2876 1005 2903 ,
1033 2859 1093 2891 ex
1115 2857 1199 2912 pa-

165 2935 282 2970 rum
303 2915 562 2970 intellecto
583 2913 832 2987 loquendi
854 2937 997 2970 more
1011 2956 1029 2985 ,
1052 2918 1200 2972 sami-

165 2997 284 3050 liari
310 2996 539 3050 Seuecae.
559 2995 724 3050 Schw.

233 3097 282 3130 ι.
303 3073 389 3126 Ee
405 3077 746 3143 aliquando...
763 3079 1008 3144 puniunt.
1021 3075 1080 3128 Id
1096 3087 1168 3128 est
1180 3115 1194 3140 ,

164 3155 292 3207 dant
319 3154 458 3206 bona
500 3166 731 3218 externa,
772 3173 883 3225 quae
916 3153 970 3206 in
1007 3153 1200 3206 malum

165 3231 379 3285 cedunt.
411 3231 666 3284 Videntur
704 3231 1006 3305 induigcre,
1051 3233 1200 3285 casti-

164 3323 314 3384 gant.
343 3309 496 3380 Lips.

230 3411 282 3442 2.
319 3387 602 3459 Quomodo
631 3389 931 3443 hominibus
965 3392 1038 3442 51⁰!
1060 3401 1198 3443 utm-

161 3471 318 3520 dum.
357 3467 438 3520 De
469 3487 564 3520 usu
604 3477 656 3520 et
690 3469 1054 3522 consuetudine
1080 3489 1196 3522 cum

162 3546 484 3600 hominibus.
518 3547 649 3600 Sunt
678 3567 972 3600 communes
999 3560 1198 3600 senten·
1223 3559 1236 3568 '

161 3625 246 3680 21ae
283 3627 460 3688 (κοιναὶ
494 3626 714 3692 ἔννοιαι),
739 3647 863 3697 quas
890 3637 937 3678 ct
963 3622 1194 3679 educatio

164 3714 210 3754 et
231 3702 396 3755 lectio
419 3715 676 3774 poetarum
705 3703 966 3776 'epicorum
996 3717 1042 3756 et
1074 3723 1196 3776 gno·

161 3783 283 3836 mic.
327 3782 514 3836 animis
557 3784 866 3856 juveniiibus
906 3783 1196 3838 instillabat.

166 3861 243 3914 Cf.
277 3859 389 3914 Cic.
423 3861 488 3914 de
511 3861 666 3917 offic.
691 3861 778 3916 lib.
801 3863 857 3927 Ι,
883 3883 1021 3936 capp.
1047 3863 1196 3936 prio-

173 3939 332 3992 ribus.
355 3939 540 3994 Ruhk.

229 4019 280 4070 3.
303 4019 436 4072 Cum
458 4021 720 4072 esurienle.
749 4019 904 4072 Notat
931 4019 1164 4073 Muretus
1180 4057 1196 4086 ,

167 4095 455 4170 proximum
470 4095 570 4150 hoc
577 4097 844 4150 Sacrorum
856 4096 933 4150 illi
949 4111 1196 4170 precepto

1297 2855 1403 2890 esse
1424 2855 1439 2892 ι
1460 2836 1719 2890 Esurienti
1744 2839 1924 2912 frange
1950 2859 2133 2914 panem
2159 2852 2320 2896 tuum.

1362 2915 1413 2984 4.
1432 2913 1751 2968 For-mulam
1778 2916 2002 2970 humani
2028 2919 2202 2991 qsfice‘a'.
2230 2921 2323 2974 Est
2392 2933 2405 2940 ·

1298 2991 1581 3060 decretum,
1613 2995 1792 3062 δόγμα,
1836 2996 2052 3072 stoicum
2071 3035 2086 3062 ,
2126 2997 2187 3051 de
2215 3019 2319 3070 quo

1293 3073 1404 3126 vid.
1423 3071 1579 3146 Lipsii
1594 3072 1822 3144 Physiol.
1838 3076 1981 3128 stoic.
1998 3077 2046 3142 1,
2070 3077 2102 3130 8
2120 3099 2135 3143 ς
2157 3091 2205 3130 et
2226 3077 2321 3130 Ca·

1297 3150 1508 3204 sanbon.
1533 3151 1598 3203 ad
1623 3151 1855 3204 Persium
1878 3173 1927 3226 p.
1948 3153 2047 3224 276
2069 3175 2177 3227 sqq.
2200 3157 2269 3209 R.

1364 3233 1412 3282 5.
1454 3229 1635 3300 Quum
1660 3249 1734 3284 ex
1761 3233 1966 3284 iisdem.
1993 3230 2273 3286 Elementis
2298 3271 2315 3297 ,

1296 3319 1347 3361 et
1367 3307 1489 3359 item
1510 3308 1655 3360 astris
1669 3347 1684 3374 ,
1719 3311 1999 3362 seeundum
2024 3310 2221 3365 stoicos.
2243 3311 2323 3364 Et

1295 3391 1351 3439 in
1386 3389 1569 3439 eadem
1587 3427 1601 3453 ,
1631 3388 1713 3442 vel
1739 3390 1795 3442 in
1828 3391 2053 3444 actiones
2081 3390 2279 3446 easdem
2300 3430 2316 3457 ,

1295 3479 1345 3520 et
1378 3465 1535 3520 finem
1556 3486 1569 3520 τ
1588 3469 1673 3522 vel
1700 3471 2024 3525 resolvendos
2046 3471 2103 3524 in
2128 3471 2217 3525 illa
2241 3492 2319 3525 ea·

1296 3547 1439 3618 dem,
1475 3569 1501 3602 e
1527 3549 1710 3620 quibus
1731 3571 1921 3604 sumus.
1949 3551 2096 3620 Le'ps.

1359 3628 1409 3684 6.
1432 3627 1654 3681 Paratoe
1691 3641 1816 3683 sunl
1843 3633 2077 3694 iuvantis
2107 3649 2315 3684 manus.

1297 3707 1385 3760 Sic
1402 3707 1482 3759 ed.
1502 3707 1571 3760 R.
1594 3707 1680 3761 Er.
1696 3721 1743 3761 et
1758 3709 1893 3761 Mur.
1906 3707 2190 3776 Juoandis,
2207 3731 2258 3762 a.
2276 3729 2320 3763 c.

1295 3789 1367 3840 A.
1392 3788 1491 3840 Ad
1506 3791 1801 3854 juvandum
1828 3787 1906 3842 ed.
1938 3789 2072 3862 Lips.
2098 3801 2147 3840 et
2178 3807 2317 3858 seqq.

1293 3886 1410 3920 cnm
1432 3887 1548 3920 mss.
1571 3867 1717 3923 Pinc.
1746 3883 1795 3922 et
1815 3869 1961 3923 Grut.
1986 3869 2314 3924 δώσει-ἰοὶ.

1293 3947 1417 4000 Haee
1434 3946 1583 4000 nobis
1609 3948 1874 4021 imperavit
1900 3961 1957 4000 ut
1978 3965 2172 4020 semper
2197 3965 2317 3998 ma·-

1295 4043 1389 4076 nus
1415 4037 1596 4078 nostrae
1622 4038 1805 4095 parate
1831 4037 1996 4078 essent
2016 4022 2082 4076 ad
2108 4033 2313 4080 coeteros

1294 4102 1625 4173 adjuvandos.
