2667 4475
345 286 486 377 522,
929 309 932 313 ·
1075 278 1376 350 msTl
1424 280 1752 349 mrsu

342 422 718 506 inaequalitate
739 462 758 495 ,
791 422 1096 505 sapientes.
1145 423 1316 499 Quod
1345 425 1446 505 qui
1478 424 1601 485 fieri
1646 425 1859 504 possit,
1894 436 1963 483 ut
1993 445 2129 506 φη
2176 446 2441 489 sensum
2484 445 2537 489 ει

339 512 618 612 judicium
653 548 772 591 non
811 525 1057 603 habent,
1088 529 1369 589 malitiosa
1410 550 1537 591 esse
1574 526 1989 611 perhibeantur
2036 544 2103 591 et
2146 534 2397 606 noxia3
2442 550 2535 594 aut

339 658 456 697 non
478 634 666 717 potius
693 633 791 696 ille
813 635 888 695 sit
915 635 1228 695 malitiosus
1255 648 1316 697 et
1343 637 1553 697 noxius
1566 678 1585 710 ,
1610 637 1715 718 qui
1740 656 1833 697 res
1854 636 2149 717 pessimas
2167 682 2188 713 ,
2218 652 2293 701 et
2319 662 2533 703 noeen-

339 742 582 808 tissimus
611 740 830 805 futuras
848 784 866 815 ,
897 744 963 803 in
990 743 1227 827 aiicujus
1255 744 1447 824 operis
1476 744 1782 825 assumpsit
1804 744 2075 805 affectum
2100 768 2123 817 ;
2158 766 2389 810 comm
2410 763 2525 820 est,

339 849 440 935 qui
470 860 730 909 asserunt
746 888 765 923 ‚
795 847 1114 929 pervidere.
1149 874 1177 902 ι»
1211 846 1369 911 Bene
1387 892 1405 923 ,
1440 848 1569 909 dico
1586 892 1606 923 ,
1634 850 1934 932 impugnat
1954 872 1979 921 ;·
2004 852 2337 931 quomodo
2378 855 2525 915 enin

292 948 299 954 ⁵
335 956 504 1018 bruta
530 967 589 1016 et
617 954 848 1017 insensa
885 956 1122 1018 materia
1149 957 1231 1015 sic
1263 956 1483 1037 prava?
1525 956 1785 1038 viditque
1822 956 1982 1018 Plato
2000 1000 2020 1031 ,
2056 970 2127 1019 et
2168 958 2345 1042 sugit
2376 986 2395 1021 ε
2426 963 2523 1042 qui

346 1061 406 1123 V
399 1064 478 1122 im
509 1062 574 1124 in
601 1082 672 1123 ea
697 1072 758 1122 et
792 1058 1067 1123 Animam
1111 1062 1427 1123 maleficam
1456 1064 1639 1143 ponit.
1684 1063 1903 1125 Tamen
1944 1064 2181 1127 iterum-
2218 1068 2519 1143 amulius

335 1167 614 1247 judicium
643 1189 678 1229 a
703 1188 768 1229 se
797 1166 1062 1241 abdicat,
1095 1180 1155 1228 et
1181 1168 1316 1229 alibi
1347 1168 1555 1230 fatetur
1584 1169 1765 1231 libere
1786 1212 1807 1245 ,
1842 1169 1969 1231 Non
1998 1168 2275 1251 liquere.
2314 1201 2347 1227 ι
2370 1174 2517 1249 Quid

340 1294 476 1359 ergo
503 1273 645 1335 nos?
674 1274 863 1355 inquit
885 1272 1132 1356 (eodem
1167 1272 1357 1356 libro)
1383 1298 1401 1335 ε
1425 1274 1577 1335 mala
1604 1275 1803 1337 unde?
1834 1272 2276 1357 Responsio-:is
2314 1302 2517 1341 neces-

344 1380 480 1442 sitas
499 1379 658 1439 nulla
677 1392 798 1451 est;
820 1380 942 1441 sive
961 1379 1116 1441 enim
1136 1401 1437 1462 possumus
1456 1380 1646 1443 dicere
1662 1424 1682 1455 ,
1704 1381 1825 1441 sive
1840 1381 2032 1441 minus
2058 1384 2351 1445 valemus
2359 1422 2393 1459 -‚
2416 1408 2513 1447 net

339 1509 642 1571 possumus
669 1510 688 1547 =
721 1500 1028 1571 utmmque
1055 1488 1214 1570 apud
1240 1510 1346 1549 nos
1377 1512 1583 1571 parum
1612 1501 1699 1551 est
1730 1512 1750 1551 t
1781 1511 1891 1551 nec
1920 1490 1985 1549 in
2015 1494 2265 1573 magnis
2290 1494 2516 1574 ponde·-

337 1595 497 1657 ribus
515 1594 798 1663 ,duximus
824 1594 920 1655 vel
945 1596 1208 1679 ignorare
1233 1596 1391 1657 istud
1407 1639 1426 1671 ,
1459 1595 1553 1657 vel
1581 1597 1727 1660 scire
1742 1640 1761 1671 ,
1794 1618 1977 1657 unum
2014 1598 2215 1662 solum
2246 1602 2511 1683 posuisse

339 1702 589 1762 contenti
617 1724 635 1772 ;
665 1700 824 1760 Nihil
853 1721 890 1761 a
919 1700 1046 1763 Deo
1081 1703 1343 1785 principe
1365 1746 1384 1777 ‚
1414 1701 1571 1784 quod
1598 1703 1674 1767 sit
1699 1722 1913 1763 nocens
1944 1716 2121 1785 atque
2166 1707 2477 1779 exitiabile
2490 1750 2507 1777 ,

339 1806 641 1886 proficisci.
683 1832 712 1861 »
749 1806 932 1869 Vides
967 1806 1393 1872 fluctuationem
1438 1812 1561 1890 ejus
1589 1811 1651 1869 in
1680 1808 1821 1869 Mali
1853 1830 2020 1869 causa
2054 1834 2076 1868 t
2116 1814 2507 1874 assertionem

341 1922 532 1973 tamen
561 1909 706 1972 Boni
738 1933 964 2001 semper
993 1926 1050 1978 et
1081 1914 1268 1978 solum
1291 1914 1425 1976 Dei.

1011 2139 1622 2204 DISSERTATIO
1663 2140 1811 2203 XV.

381 2303 522 2366 Alia
562 2308 844 2388 responsio
877 2317 1070 2367 nostra
1089 2353 1106 2378 ,
1158 2317 1216 2367 et
1225 2303 1461 2390 firmior
1482 2353 1499 2378 ,
1550 2329 1717 2389 super
1753 2307 1895 2368 istis.
1946 2303 2244 2368 Dis-tincta
2286 2310 2463 2372 Mala

556 2414 834 2494 supplicii
845 2423 904 2474 et
918 2412 1129 2475 Delicti
1140 2438 1160 2474 .-
1181 2424 1240 2473 εἰ
1255 2415 1554 2496 quibusque
1572 2436 1703 2474 suus
1724 2423 1923 2474 auctor
1938 2415 2287 2494 assignatus.

421 2601 664 2673 Qum-0
695 2611 882 2660 autem
911 2598 1118 2660 clarius
1146 2597 1263 2658 haec
1293 2599 1521 2682 gentilis
1548 2601 1669 2680 ejus
1692 2645 1709 2673 ,
1758 2613 1830 2676 et,
1844 2621 1965 2662 aevo
1992 2602 2164 2682 paulo
2198 2605 2457 2663 anterior
2474 2649 2491 2678 ,

341 2705 728 2766 Tertullianus
752 2748 769 2778 ,
792 2728 831 2765 ο
848 2726 1121 2788 magnum
1143 2703 1412 2766 Ecclesiae
1432 2704 1629 2766 lumen
1646 2751 1663 2782 ,
1688 2707 1797 2766 nisi
1827 2707 2043 2768 caduca
2068 2708 2237 2768 stella
2254 2708 2491 2770 fuisset!

345 2815 404 2874 Is
427 2814 690 2873 distincte
710 2813 1018 2874 admodum
1044 2812 1478 2892 objectiunculis
1501 2825 1559 2873 et
1574 2811 1891 2874 Gentilium
1911 2857 1929 2887 ‚
1954 2825 2012 2872 et
2028 2813 2449 2876 Haeretieorum
2471 2861 2487 2887 ,

343 2919 649 3003 respondet
666 2964 682 2994 ,
707 2941 950 3003 quorum
972 2918 1199 2978 assidua
1221 2921 1329 2978 ista
1354 2962 1372 2992 ‚
1394 2917 1569 2980 Unde
1595 2919 1745 2978 mala
1776 2918 2011 2980 Intema
2026 2963 2043 2994 ,
2070 2931 2171 2978 aut
2193 2917 2489 2982 Externa?

342 3026 420 3088 Et
439 3027 694 3089 Marcion
717 3027 814 3088 isse
833 3025 1080 3086 famosus
1100 3069 1117 3099 ,
1137 3037 1205 3085 ut
1225 3025 1465 3086 elideret
1485 3068 1501 3099 ,
1533 3025 1675 3085 duos
1697 3025 1853 3086 Deos
1882 3026 2193 3086 inducebat
2216 3070 2235 3100 ‚
2266 3025 2487 3088 Bonum

343 3149 402 3195 et
428 3135 648 3198 Malum
679 3159 697 3194 ε
732 3117 790 3195 et
815 3145 1122 3213 utrumque
1147 3176 1163 3206 ‚
1195 3133 1396 3192 talium
1424 3145 1731 3193 auctorem.
1762 3133 1931 3208 Quod
1963 3147 2259 3216 sumptum
2288 3158 2328 3194 a
2354 3135 2487 3194 Ha-

343 3244 431 3326 gis
460 3241 850 3302 Chaldaeorum
878 3241 1082 3323 aliquis
1115 3239 1264 3300 dicat
1292 3265 1309 3299 z
1336 3260 1579 3322 quorum
1600 3238 1707 3298 fuit
1727 3282 1744 3313 ,
1778 3267 1807 3294 κ
1832 3239 1968 3300 Duo
1990 3241 2278 3323 principia
2296 3263 2487 3304 reram

345 3371 470 3412 esse
494 3395 509 3422 ‚
536 3347 757 3409 Bonum
775 3347 1105 3408 Daemonem
1129 3391 1145 3423 ,
1169 3360 1226 3408 et
1248 3345 1471 3407 Malum
1499 3370 1517 3404 ε
1542 3367 1785 3429 quorum
1815 3347 1913 3407 ille
1934 3346 2177 3429 Jupiter,
2207 3349 2333 3408 sive
2352 3347 2487 3408 Oro-

343 3457 571 3518 masdes
599 3501 616 3530 ,
647 3457 874 3516 illorum
898 3456 1096 3539 ling-ua
1130 3479 1145 3526 ;
1173 3455 1282 3514 iste
1313 3454 1479 3515 Pluto
1501 3497 1518 3528 ,
1552 3455 1673 3514 sive
1702 3453 2028 3515 Arimanius
2064 3453 2352 3515 diceretur
2370 3467 2414 3514 ¹.
2452 3481 2478 3506 ι

349 3565 440 3625 Ab
479 3564 590 3624 illis
612 3609 628 3639 ,
660 3565 897 3645 inquam
920 3607 937 3638 ,
973 3563 1209 3644 propius
1233 3575 1294 3622 et
1321 3562 1565 3622 vicinius
1586 3559 1696 3621 hoc
1718 3561 2025 3643 sumpserit
2040 3604 2057 3634 ,
2082 3582 2257 3642 quam
2284 3583 2319 3620 a
2339 3561 2483 3621 stei-

344 3676 427 3734 cis
451 3697 469 3745 3
494 3674 594 3756 qui
623 3671 924 3732 Materiam
952 3691 1180 3730 causam
1207 3667 1351 3730 Mali
1376 3711 1392 3743 ,
1416 3667 1522 3728 sed
1542 3691 1659 3728 non
1686 3667 1879 3729 Deum
1895 3712 1913 3742 ,
1944 3667 2249 3728 faciehant.
2278 3665 2393 3728 Sed
2416 3669 2481 3728 ad

343 3803 468 3842 rem
494 3781 557 3840 in
585 3781 750 3841 illum
779 3781 858 3839 ita
883 3779 1078 3839 scribit
1103 3776 1247 3860 (lib.
1283 3775 1345 3835 11
1367 3820 1386 3851 ,
1418 3799 1544 3859 cap.
1589 3772 1707 3857 14)
1749 3799 1767 3834 =
1816 3801 1845 3828 «
1885 3774 2041 3835 Mala
2088 3775 2357 3834 dicuntur
2377 3819 2395 3848 ,
2432 3789 2481 3834 et

343 3887 566 3950 Delicta
595 3933 611 3963 ,
662 3901 720 3949 et
745 3887 1051 3970 Supplicia.
1105 3885 1219 3947 Sed
1249 3883 1503 3944 adhibita
1534 3884 1897 3945 distinctione
1926 3885 2223 3965 utriusque
2252 3881 2441 3942 formae
2462 3927 2475 3954 ‚

415 4058 433 4114 .¹
454 4057 566 4108 Vid.
591 4057 832 4110 Plutarch·
855 4056 916 4108 dc
935 4056 1052 4115 Isid-
1073 4062 1124 4106 et
1138 4055 1318 4106 Osirid.
1342 4058 1499 4109 Laert-
1524 4056 1579 4106 in
1594 4053 1783 4108 Praefnt.
1807 4053 2005 4122 aliique.
