2667 4475
327 328 368 412 4
929 329 1012 398 1..
1063 330 1419 399 ANNAEI
1467 328 1893 399 SENECAE

931 586 1155 633 snum
1187 598 1444 634 nucum
1480 598 1592 636 suo
1624 598 1907 635 nsunt.

422 732 604 797 Ru
645 725 882 795 utilem
930 724 1316 807 desideras,
1360 740 1431 792 et
1476 724 1568 799 ad.
1608 726 2023 818 Sapientiam
2076 700 2485 823 properanti

321 844 568 936 utique
595 842 1069 923 necessariam,
1103 840 1303 907 dividi
1321 839 1841 929 Philosophiam,
1869 853 1941 907 et
1959 820 2209 933 ingens*
2228 866 2497 937 corpus

311 958 472 1051 -ejus
501 959 574 1025 in
605 957 910 1025 membra
940 955 1236 1049 disponi.
1272 954 1571 1025 Facilius
1597 956 1781 1023 enim
1802 978 1929 1048 per
1953 970 2181 1048 partes
2208 956 2285 1024 in
2310 981 2491 1051 cog-

322 1076 652 1143 nitionem
701 1075 904 1142 totius
957 1070 1387 1141 adducimur.
1430 1072 1703 1140 Utinam
1749 1071 2025 1164 quidem
2050 1076 2103 1159 ¹,
2143 1072 2491 1164 quemad-

323 1192 601 1260 modum
643 1192 962 1261 universa
983 1194 1009 1224 ²
1046 1188 1282 1257 mundi
1319 1188 1525 1256 facies
1554 1189 1629 1256 in
1653 1203 2089 1282 conspectum
2116 1190 2348 1273 venit,
2384 1192 2489 1261 ita

318 1306 760 1400 Philosophia
774 1305 1116 1374 totanobis
1137 1320 1366 1399 posset
1382 1328 1770 1405 occurrere3
1786 1304 2204 1374 simillimum
2218 1306 2485 1376 mundo

319 1418 822 1515 spectaculum!
865 1422 1177 1490 Profecto
1209 1423 1396 1490 enim
1429 1425 1662 1489 omnes
1704 1422 2020 1491 mortales
2063 1424 2139 1491 in
2172 1422 2488 1492 admira-

321 1542 579 1607 tionem
604 1541 711 1608 sui
737 1554 1009 1634 raperet
1029 1530 1083 1625 ³,
1116 1537 1373 1607 relictis
1398 1538 1508 1606 his
1524 1588 1544 1621 ‚
1578 1561 1731 1630 quae
1757 1562 1941 1607 nunc
1965 1563 2211 1633 magna
2230 1590 2249 1622 ,
2279 1565 2485 1635 mag-

297 1680 560 1725 ·norum
599 1656 988 1749 ignorantia
1010 1704 1030 1737 ‚
1075 1653 1444 1724 credimus.
1482 1654 1618 1724 Sed
1640 1704 1661 1737 ,
1703 1656 1867 1746 quia
1900 1658 2301 1750 contingere
2340 1658 2484 1727 hoc

316 1796 453 1841 non
506 1787 771 1867 potest,
827 1772 928 1839 sic
970 1772 1104 1839 erit
1152 1793 1193 1838 a
1241 1770 1439 1838 nobis
1490 1765 1923 1864 aspicienda⁴
1946 1820 1966 1853 ,
2030 1772 2481 1864 quemadmo-

220 1912 256 1945 n
316 1888 478 1957 dum
507 1888 746 1956 mundi
782 1866 1483 1957 secreta—cernuntur.
1526 1888 1866 1980 Sapientis
1898 1888 2179 1980 quidem
2208 1891 2481 1959 animus

313 2020 524 2074 totam
557 2005 804 2074 molem
837 2004 1473 2099 ejus-amplectitur,
1513 2027 1641 2072 nec
1670 2006 1895 2073 minus
1930 2004 2116 2075 illam
2148 2006 2481 2076 velociter

315 2122 458 2192 obit
480 2173 500 2206 ,
545 2146 751 2215 quam
790 2122 1027 2191 caelum
1078 2122 1258 2191 acies
1299 2136 1534 2189 nostra
1586 2147 1602 2189 :
1651 2121 1852 2189 nobis
1897 2138 2125 2192 autem
2148 2174 2169 2209 ‚
2221 2125 2477 2217 quibus

307 2237 822 2334 perrumpenda
877 2238 1099 2333 caligo
1161 2252 1302 2321 est,
1364 2252 1433 2305 et
1485 2261 1774 2329 quorum
1816 2240 2002 2308 visus
2046 2241 2121 2308 in
2168 2241 2475 2332 proximo

295 2356 587 2438 delicit,
645 2355 916 2450 singula
968 2377 1258 2448 quaeque
1303 2353 1568 2423 ostendi
1626 2354 1913 2424 facilius
1937 2373 2256 2449 possunt,
2314 2360 2477 2426 uni-

307 2475 491 2544 versi
528 2471 835 2544 nondum
871 2472 1264 2567 capacibus.
1317 2472 1595 2540 Faciam
1640 2495 1816 2567 ‘ergo
1871 2474 2053 2566 quod
2102 2475 2319 2570 exigis
2340 2525 2360 2558 ‚
2404 2491 2475 2545 et

308 2587 819 2680 Philosophiam
861 2587 938 2654 in
980 2600 1208 2680 partes
1230 2635 1248 2667 ,
1289 2609 1431 2653 non
1476 2587 1550 2652 in
1581 2584 1835 2672 frusta,
1878 2585 2179 2656 dividam
2210 2615 2227 2655 ε
2258 2588 2471 2658 dividi

310 2705 496 2771 enim
525 2703 747 2786 issam,
781 2726 924 2769 non
951 2701 1258 2784 concidi,
1289 2701 1461 2769 utile
1486 2716 1591 2769 est
1616 2730 1635 2780 ς
1670 2727 1831 2770 nam
1858 2705 2465 2797 comprehendere,

311 2817 884 2910 quemadmodum
930 2819 1253 2902 maxima,
1304 2821 1401 2885 ita
1432 2819 1713 2885 minima
1748 2867 1770 2902 ,
1813 2817 2102 2887 difficile
2138 2835 2270 2888 est.
2322 2823 2472 2888 De-

228 2949 262 3002 ³
313 2931 638 3001 scribitur
663 2931 738 3000 in
763 2931 986 3000 trihus
1017 2931 1310 3026 populus
1327 2981 1345 3013 ,
1381 2933 1455 2998 in
1482 2934 1825 3000 centurias
1848 2933 2203 3002 exercitus.
2240 2933 2471 3027 Quid-

311 3046 482 3140 quid
515 3048 590 3114 in
629 3047 847 3140 majus
885 3047 1142 3132 crevit,
1187 3046 1456 3115 facilius
1488 3049 1881 3140 agnoscitur
1902 3097 1922 3130 ‚
1964 3049 2023 3116 si
2062 3047 2373 3118 discessit
2394 3050 2469 3119 in

311 3179 589 3258 partes3
629 3185 800 3256 quas
820 3213 845 3251 ,
885 3178 964 3231 ut
996 3162 1134 3230 dixi
1159 3211 1178 3245 ,
1217 3162 1754 3233 innumerabiles
1806 3187 1952 3234 esse
2001 3181 2073 3234 et
2124 3160 2468 3260 ⁵parvulas

385 3401 426 3432 ι.
473 3379 696 3434 Uliemm
735 3381 958 3448 quidem.
1001 3377 1340 3431 posteriorem
1442 3381 1533 3450 οὔχ
1554 3381 1925 3450 ὅρᾶται·διινοῖις
1937 3383 2025 3450 stup
2040 3381 2095 3436 ἂν
2108 3390 2333 3452 παρεῖχεν
2348 3381 2463 3452 ἔρω-

312 3477 490 3512 vocem
513 3457 676 3530 adjeci
709 3477 768 3509 ex
802 3457 881 3510 cd.
917 3457 970 3508 Α
980 3501 988 3510 .
1017 3469 1066 3509 et
1099 3476 1188 3510 ms.
1219 3477 1260 3510 c.
1291 3469 1343 3536 e}
1439 3481 1537 3520 τας,
1560 3464 1599 3512 εἶ
1628 3468 1844 3512 τοιοῦτον
1872 3462 2038 3522 ἑαυτῆς
2064 3458 2237 3529 ἕνιργὶς
2268 3461 2458 3514 εἴδωλον

315 3535 521 3589 Gruteri
543 3535 706 3588 libris.
719 3535 883 3590 Schw-
1436 3536 1693 3604 παρείχετο
1708 3540 1773 3597 εἷς
1799 3535 1909 3607 ὄψιν
1930 3536 2019 3589 ἷόν.
2038 3535 2169 3604 Quae
2184 3535 2335 3589 verba
2358 3537 2463 3590 Cic.

381 3635 428 3666 2.
457 3613 732 3666 Unicersa.
751 3613 873 3665 Non
891 3614 1130 3678 waiva-si,
1155 3611 1340 3665 dedere
1440 3613 1503 3666 de
1522 3615 1630 3666 ΟΠ.
1648 3615 1697 3679 1,
1726 3617 1775 3682 5,
1798 3627 1847 3667 et
1862 3613 1925 3668 de
1944 3615 2065 3668 Fin.
2082 3615 2153 3680 11,
2178 3613 2240 3668 16
2258 3615 2464 3688 respexit

319 3693 390 3746 R.
412 3692 484 3743 A.
503 3711 544 3745 c.
564 3690 727 3745 Schw.
1440 3705 1489 3744 et
1518 3692 1765 3766 expressit.
1794 3693 1976 3748 Ruhk.

377 3769 426 3823 3.
451 3767 688 3844 Proficto
713 3772 914 3822 enim...
933 3809 945 3822 .
963 3754 1179 3837 raperet.
1205 3768 1343 3821 Con·
1509 3775 1555 3840 4.
1570 3775 1911 3841 Aspe‘a'enda.
1934 3775 2129 3828 Mirum
2152 3775 2279 3847 quid
2302 3773 2371 3826 its
2390 3773 2462 3826 li·

311 3849 430 3903 ferri
458 3849 658 3902 videtur
680 3847 1023 3920 Philosophia
1047 3847 1157 3899 laus
1179 3866 1210 3899 a
1235 3845 1341 3900 Cic.
1441 3848 1523 3901 hri
1544 3849 1600 3902 in
1619 3849 1804 3904 vocula
1826 3865 1946 3906 nota
1964 3851 2182 3906 turbent.
2204 3855 2337 3904 Nam
2357 3849 2461 3916 alii,

311 3929 463 3984 Tusc.
479 3929 628 4003 Disp.
645 3929 714 3992 V,
739 3949 769 3980 2
789 3926 1147 3981 celebramus
1166 3925 1345 3979 oculos
1442 3927 1723 3980 abscienda
1735 3966 1750 3993 ,
1788 3927 2107 3995 adsciend05
2132 3948 2276 3982 mens
2296 3928 2462 3980 absci-

313 4007 364 4060 οἱ
403 4007 614 4062 forsitan
659 4005 848 4058 fuerint
885 4003 974 4056 ills
1018 4003 1250 4057 Platonis
1289 4004 1347 4056 in
1445 4007 1640 4058 denda.
1666 4002 1815 4074 Lips.

310 4085 532 4142 Phaedro
546 4085 700 4140 me
723 4105 772 4155 p.
791 4083 890 4158 329
905 4083 1010 4157 bip.
1029 4102 1042 4136 t
1067 4085 1100 4141 ἦ
1119 4083 1347 4152 φρὸνησις
1514 4087 1561 4136 5.
1595 4083 1873 4136 Parvulas.
1908 4085 2005 4139 Ed.
2022 4087 2093 4138 A.
2111 4103 2223 4135 cum
2244 4103 2334 4136 ms.
2353 4102 2391 4135 c.
2416 4103 2441 4136 e
