2667 4475
405 334 534 418 548
1139 332 1448 399 JUSTI
1498 334 1823 401 LIPSII

1032 608 1655 671 DISSERTATIO
1708 612 1898 673 XXI.

397 793 485 853 De
512 791 660 851 Ioco
702 792 814 852 Det*
845 794 1050 861 οῦᾶεν,
1093 794 1195 873 qui
1231 792 1430 873 ubique
1458 802 1571 861 est,
1620 792 1725 852 sed
1758 796 2060 873 conspicua
2096 806 2301 857 tamen
2332 799 2477 859 sede
2506 801 2559 856 ia

1378 894 1567 955 Calis.

477 1099 606 1161 Eoo
627 1120 720 1161 me
742 1101 1026 1184 abjungo;
1051 1115 1108 1162 et
1129 1124 1228 1161 vos
1245 1144 1261 1174 ,
1293 1100 1429 1161 boni
1454 1102 1705 1180 malique
1728 1100 1941 1175 Genii,
1964 1099 2153 1161 favete
2167 1142 2186 1174 ,
2208 1114 2319 1160 aut
2336 1103 2549 1161 γεύσιες

393 1207 470 1266 nd
500 1206 770 1267 Humana
797 1208 912 1286 jam
943 1209 1111 1267 imus.
1150 1210 1300 1267 Ann.
1337 1205 1567 1267 Leviter
1588 1228 1681 1266 me
1710 1208 1964 1279 sistente,
1990 1218 2051 1265 et
2068 1228 2255 1287 super
2282 1207 2403 1267 Dei
2424 1208 2554 1266 sede
2604 1264 2615 1277 ,

389 1327 446 1373 et
475 1314 602 1373 loco
631 1313 848 1393 aliquid
875 1316 1222 1394 requirente.
1257 1312 1475 1373 Genios
1506 1313 1831 1393 disposuisti
1856 1336 1871 1371 ε
1898 1313 2052 1373 hunc
2078 1314 2367 1373 omittes?
2400 1314 2551 1373 Lus.

393 1420 526 1479 Feci
557 1442 694 1479 vero
711 1462 727 1493 ,
759 1431 824 1479 ut
851 1419 1198 1501 condignum
1231 1420 1357 1498 ipso
1388 1432 1509 1479 erat
1535 1419 1793 1499 :ubique
1824 1418 2079 1498 disposui
2104 1442 2122 1477 =
2148 1420 2255 1498 qui
2290 1432 2385 1479 est
2410 1422 2553 1479 intra

385 1529 615 1601 omnia,
649 1528 752 1607 qui
781 1538 944 1586 extra
973 1526 1200 1599 omnia,
1235 1526 1363 1584 sine
1391 1526 1515 1583 loeo
1534 1569 1551 1598 ,
1584 1526 1709 1585 sine
1736 1536 1930 1597 motu,
1962 1545 2213 1605 semper.
2254 1528 2418 1587 Am».
2454 1530 2551 1585 Ai-

389 1633 488 1713 qui
519 1632 770 1691 Stoicum
813 1652 1022 1712 nempe
1069 1652 1222 1690 nunc
1255 1632 1378 1711 agis
1400 1673 1417 1704 ,
1460 1643 1519 1689 et
1556 1630 1705 1690 hanc
1750 1630 2067 1689 doctrinam
2100 1632 2355 1691 revelas.
2396 1632 2547 1691 Lus.

387 1740 542 1820 Ago,
575 1740 787 1799 revelo.
823 1740 974 1798 Arm.
1011 1739 1214 1799 Aliena
1247 1739 1424 1819 igitur
1450 1739 1525 1798 ab
1554 1760 1621 1797 ea
1644 1782 1661 1811 ,
1694 1761 1819 1818 quae
1848 1738 2077 1811 dixisti,
2110 1750 2177 1797 et
2202 1738 2383 1799 dicis.
2406 1742 2551 1801 Ter-

383 1844 687 1903 tullianum
731 1843 866 1902 nudi
909 1843 1179 1925 (Apolog.
1223 1864 1353 1923 cap.
1400 1841 1507 1925 47)
1532 1868 1549 1901 t
1587 1870 1615 1896 «ι
1634 1842 1808 1903 Stoici
1839 1844 2029 1903 Deum
2057 1856 2227 1904 extra
2254 1846 2549 1907 Mundum

381 1958 636 2007 statuunt
651 1992 668 2021 ‚
702 1948 804 2027 qui
835 1949 992 2029 figuli
1023 1949 1194 2008 modo
1225 1950 1583 2012 extrinsecus
1612 1961 1878 2029 torquent
1903 1948 2113 2008 molem
2133 1949 2291 2010 hane
2312 1976 2329 2009 ε
2354 1952 2547 2011 Plato-

383 2055 501 2113 nici
533 2066 724 2115 autem
764 2054 911 2115 intra
959 2054 1243 2118 Mundum
1259 2098 1280 2128 ‚
1313 2057 1493 2115 instar
1524 2052 1935 2115 Gubernatoris
1980 2057 2041 2115 in
2070 2059 2226 2116 navi.
2262 2084 2293 2111 n
2332 2060 2541 2119 Videu’

383 2162 574 2244 palam
606 2172 766 2221 extra
793 2160 1082 2220 Mundum
1115 2161 1278 2223 esse?
1311 2160 1465 2221 Llrs.
1502 2161 1631 2220 Dici
1652 2205 1669 2235 ,
1707 2184 1823 2221 non
1850 2183 1977 2221 esse
1999 2185 2016 2219 ε
2047 2176 2103 2223 et
2122 2186 2159 2223 a
2180 2165 2231 2223 T
2234 2168 2541 2227 ertulliano

383 2270 495 2330 dici
513 2311 531 2342 ,
567 2256 738 2348 atque
769 2268 876 2326 hoc
909 2267 1148 2348 impingi
1179 2266 1411 2339 Stoic5s‚
1444 2269 1775 2353 planissime
1800 2290 1907 2328 nec
1940 2269 2159 2330 dictum
2190 2272 2265 2336 iis
2292 2295 2407 2333 nee
2436 2297 2539 2332 eo·-

383 2377 643 2458 gitatum.
681 2373 982 2454 Quom-*odo
1023 2372 1280 2453 possint?
1329 2373 1497 2432 toties
1540 2374 1747 2434 audisti
1768 2417 1786 2446 ,
1842 2400 1871 2427 «ι
1892 2374 2153 2434 Mentem
2192 2397 2308 2456 per
2349 2381 2539 2438 omnin

383 2493 798 2542 commeantem
821 2524 838 2554 ,
875 2479 1138 2540 diffusam
1158 2522 1175 2552 ‚
1209 2478 1476 2538 omnihus
1506 2480 1733 2540 insitam
1756 2502 1773 2536 ε
1806 2503 1835 2530 »⁸
1870 2492 1928 2538 et
1950 2502 2077 2560 qua
2102 2503 2221 2540 non
2254 2478 2405 2563 opus
2432 2486 2539 2544 ite-

383 2609 530 2648 rare.
565 2587 752 2660 Quaeri
781 2607 919 2643 saue
947 2584 1055 2658 hoc
1085 2584 1267 2647 solere
1297 2584 1371 2641 ab
1402 2583 1527 2642 aliis
1544 2627 1561 2656 ‚
1594 2605 1711 2643 non
1738 2585 1929 2644 abnuo
1956 2597 2013 2644 et
2040 2585 2261 2646 Seneca
2290 2590 2535 2648 ostendit

375 2692 510 2776 (De
537 2691 660 2752 Vit.
699 2689 858 2748 Beat.
893 2712 1020 2770 cap.
1054 2685 1156 2769 31)
1187 2711 1204 2746 ι
1239 2715 1266 2741 ιι
1282 2688 1442 2748 Deus
1467 2701 1660 2748 utrum
1692 2692 2045 2750 extrinsecus
2074 2694 2239 2772 operi
2274 2715 2383 2754 suo
2412 2697 2535 2754 eir-

342 2817 348 2825 ·
381 2797 674 2859 cumfusus
705 2797 812 2870 sit,
849 2819 922 2854 an
955 2798 1058 2854 toti
1089 2793 1345 2854 inditus?
1378 2821 1404 2848 »ι
1438 2807 1609 2875 atque
1652 2797 1827 2858 altera
1867 2797 1985 2856 hoec
2010 2819 2183 2878 pars,
2214 2821 2383 2860 mens
2413 2803 2533 2882 ipsa

383 2878 470 2966 est
486 2903 824 2964 Stoicorum.
853 2900 1084 2962 Planius
1107 2902 1282 2960 etiam
1301 2901 1492 2960 eidem
1512 2923 1783 2982 expressa
1802 2903 1935 2962 alibi
1957 2901 2012 2984 (Ι
2030 2903 2243 2977 Quaest.
2272 2907 2525 2969 Natural.

379 3013 444 3072 in
491 3006 686 3090 Praef.)
729 3033 746 3068 t
791 3035 820 3062 «ι
843 3007 1006 3068 Solus
1055 3019 1142 3066 est
1183 3008 1375 3066 omnia
1392 3051 1409 3080 ,
1458 3030 1603 3089 opus
1634 3031 1805 3068 suum
1832 3010 1981 3070 intra
2012 3023 2073 3070 et
2100 3024 2268 3072 extra
2296 3027 2473 3092 tenet.
2496 3043 2523 3068 n

381 3118 537 3193 Quid
564 3128 754 3200 potest
785 3114 1030 3176 clarius?
1063 3115 1241 3194 Atqui
1266 3113 1652 3175 Tertullianus
1680 3128 1913 3196 aperte3
1946 3115 2088 3197 quid
2113 3118 2193 3178 ad
2222 3122 2389 3180 pem?
2418 3125 2527 3182 scio

383 3225 578 3285 Patres
609 3225 736 3284 illos
767 3243 972 3303 parum
1016 3221 1288 3300 inquisite
1327 3242 1479 3300 saepe
1526 3221 1745 3302 aliquid
1787 3222 2082 3300 adstruere
2100 3268 2118 3296 ‚
2156 3238 2217 3285 et
2246 3242 2523 3290 sectarum

381 3331 610 3392 decreta
640 3329 1006 3410 permiscere.
1043 3326 1114 3386 In
1146 3328 1410 3407 exemplo
1442 3328 1553 3388 alio
1584 3327 1812 3391 illustri.
1836 3329 2190 3411 Theophilus
2218 3335 2523 3396 Antioche-

377 3459 487 3499 nus
521 3436 845 3496 Patriarcha
863 3479 882 3509 ,
915 3435 1250 3496 Tertulliani
1279 3457 1399 3494 aevo
1427 3435 1551 3496 fere
1578 3457 1835 3517 compar,
1862 3438 1939 3498 nd
1966 3441 2317 3521 Autolycum
2338 3447 2521 3504 sen‘bit

376 3542 522 3626 (lib.
559 3541 659 3624 ΙΙ)
683 3566 699 3600 =
734 3570 762 3596 «ι
784 3541 992 3614 Stoici,
1027 3542 1214 3602 Deum
1247 3563 1371 3602 esse
1398 3545 1461 3604 in
1491 3544 1825 3604 universum
1851 3546 2138 3628 abnegant
2168 3572 2189 3606 ε
2223 3562 2327 3609 aut
2347 3553 2396 3611 si
2418 3553 2515 3628 sit,

378 3661 640 3714 asserunt
685 3669 817 3708 eum
859 3648 1072 3708 nullius
1109 3669 1284 3729 quam
1329 3651 1456 3723 sui,
1502 3669 1697 3712 curam
1728 3673 1947 3734 gerere.
1978 3678 2007 3706 ι»
2048 3653 2100 3712 Ο
2128 3655 2519 3736 improviden-

377 3752 554 3821 tiam!
603 3778 722 3816 non
771 3756 926 3815 enim
967 3755 1284 3831 malitiam3
1333 3769 1391 3816 et
1434 3769 1621 3838 potest
1654 3758 1971 3841 quidquam
2002 3760 2299 3824 adversius
2330 3787 2513 3828 eorum

375 3864 558 3924 menti
591 3862 748 3924 dici?
781 3859 856 3919 Et
883 3884 958 3921 ne
987 3883 1236 3922 errorem
1265 3861 1427 3922 verbi
1454 3875 1620 3945 putes
1636 3907 1653 3938 ,
1684 3864 1845 3924 addit
1863 3908 1880 3937 ,
1918 3893 1946 3920 u
1970 3865 2111 3926 Haec
2142 3867 2349 3930 eadem
2376 3869 2515 3952 Epi-

375 3991 578 4030 curum
601 3983 658 4030 et
680 3969 1062 4052 Chrysippum
1083 3967 1291 4028 dicere.
1321 3995 1350 4022 s>
1384 3970 1473 4030 De
1498 3968 1747 4052 Epicuro
1762 4015 1781 4046 ,
1809 3974 2021 4033 scimus
2046 3987 2103 4033 et
2122 3978 2509 4057 agnoscimu53

377 4071 453 4134 de
479 4075 800 4156 Chrysippo
821 4117 838 4150 ,
876 4087 994 4134 tam
1033 4072 1236 4134 falstun
1259 4117 1276 4149 ‚
1317 4097 1489 4156 quam
1522 4075 1711 4139 Solem
1756 4077 1909 4140 hunc
1956 4082 2186 4163 nigrum
2222 4103 2371 4144 esse.
2404 4083 2509 4144 Sed
