2667 4475
760 288 1295 359 EPISTULA
1342 290 1585 362 XCV.
2116 320 2239 389 ¹⁰9

93 428 444 497 solverant
466 428 484 459 ¹
497 472 518 508 ,
561 422 682 517 qui
716 420 845 489 sibi
880 419 1303 515 imperabant
1317 470 1339 507 ‚
1382 421 1514 493 sibi
1542 411 2035 494 ministrabant.
2070 427 2241 495 Cor-¹

93 566 274 636 pora
294 563 504 635 opere
527 563 612 607 ae
627 560 790 607 vero
807 536 1042 606 labore
1057 536 1441 623 durabant,
1468 555 1586 607 aut
1610 562 1815 609 cursu
1838 538 2189 635 defatigati
2213 590 2233 625 ‚

95 676 218 727 aut
243 672 498 728 venatu
515 706 536 741 ,
577 671 696 725 aut
727 653 971 723 tellure
1007 668 1272 723 versata
1289 659 1347 723 ².
1380 645 1774 749 Exeipiebat
1810 657 1963 726 illos
1997 658 2190 727 cibus
2212 708 2233 741 ‚

95 776 220 866 qui
233 824 260 860 ‚
299 774 446 842 nisi.
470 771 962 853 esurientibus,
1003 769 1274 863 plaeere
1318 795 1461 840 non
1505 788 1759 865 posset.
1794 775 2030 865 Itaque
2063 774 2241 843 nihil

96 913 274 983 opus
322 904 474 957 erat
523 902 661 955 tam
711 909 958 979 magna
1005 883 1424 955 medicorum
1474 888 1893 981 supellectile
1912 938 1933 971 ,
1980 914 2111 959 nec
2142 905 2245 959 tot

97 997 600 1087 ferramentis³‚
625 1017 834 1095 atque
856 1002 1246 1095 pyxidibus.
1276 1002 1577 1096 Simplex
1596 1020 1743 1073 erat
1756 1028 1839 1073 ex
1864 1028 2065 1073 causa
2091 1006 2243 1073 sim·

93 1122 266 1214 plici
295 1120 652 1206 valetudo3
693 1119 940 1189 multos
977 1117 1250 1187 morbos
1294 1119 1509 1187 multa
1555 1119 1813 1189 fereula
1848 1113 1875 1163 4
1902 1122 2235 1191 fecerunt.

95 1236 276 1305 Vide
299 1284 326 1319 ,
371 1250 703 1328 quantum
752 1256 984 1302 rerum
1033 1254 1158 1326 per
1198 1256 1406 1301 unam
1450 1231 1679 1326 gulam
1724 1235 2243 1305 transiturarum

97 1354 510 1445 permisceat
553 1349 820 1419 luxuria
837 1396 860 1433 ,
914 1364 1252 1417 terrarum
1303 1350 1645 1442 marisque
1691 1348 2051 1419 vastatrix!
2100 1354 2243 1422 Ne·-

96 1488 288 1538 cesse
316 1483 425 1537 est
449 1468 680 1559 itaque
705 1467 888 1534 inter
912 1488 986 1533 se
1013 1479 1150 1533 tam
1178 1463 1447 1533 diversa
1472 1463 1879 1552 dissideant,
1910 1483 1979 1535 et
2004 1467 2245 1538 hausta

98 1583 274 1651 male
301 1580 734 1677 digerantur,
765 1579 916 1649 aliis
939 1578 1074 1649 alio
1097 1579 1501 1650 nitentibus.
1543 1584 1689 1651 Nec
1722 1584 1971 1653 mirum
1988 1632 2008 1667 ‚
2061 1584 2244 1677 quod

99 1700 498 1765 inconstans
551 1695 916 1787 variusque
963 1716 1045 1761 ex
1091 1692 1391 1765 discordi
1442 1694 1599 1764 cibo
1642 1695 1919 1765 morbus
1972 1713 2075 1767 est
2094 1748 2113 1781 ,
2172 1714 2244 1767 et

97 1814 214 1882 illa
254 1838 342 1883 ex
371 1812 734 1881 contrariis
749 1804 775 1847 ⁵
812 1824 1070 1879 naturae
1102 1808 1413 1903 partibus
1440 1810 1515 1879 in
1550 1810 1864 1881 eumdem
1900 1814 2243 1909 compulsa

97 1926 516 1998 redundant.
563 1924 738 1996 Inde
767 1940 918 2019 ‘tam
955 1920 1188 1994 nullo⁶
1240 1942 1641 2021 aegrotamus
1694 1954 1949 2023 genere
1949 1980 1995 2017 δ
2036 1956 2239 2023 quam

91 2047 415 2115 vivimus.
471 2044 804 2111 Maximus
835 2046 858 2089 ⁷
891 2041 1012 2111 ille
1050 2041 1474 2113 Medicorum
1498 2095 1519 2128 ,
1569 2059 1638 2113 et
1682 2046 1890 2139 hujus
1938 2049 2239 2117 scientiae

97 2164 442 2247 conditor,
477 2188 511 2227 α
534 2161 802 2231 feminis
827 2183 956 2228 nee
979 2159 1257 2254 capillos
1282 2159 1610 2264 defluere,
1640 2160 1807 2232 dixit
1826 2215 1844 2250 ,
1875 2188 2005 2234 nee
2028 2165 2241 2259 pedes

97 2283 488 2350 laborare.»
513 2279 724 2372 Atqui
739 2292 809 2346 et
823 2277 1087 2372 capillis
1114 2277 1603 2364 destituuntur,
1632 2297 1701 2348 et
1724 2282 2015 2375 pedibus
2042 2307 2237 2376 aegrae

99 2417 282 2468 sunt.
321 2399 476 2465 Non
513 2409 770 2464 mutata
809 2393 1213 2462 feminarum
1245 2408 1487 2494 natura
1504 2443 1525 2478 ,
1566 2393 1688 2462 sed
1724 2397 1863 2465 vita
1888 2412 1991 2464 est
2026 2423 2043 2463 ε
2080 2421 2237 2466 nam

169 2687 214 2720 ι.
247 2667 364 2738 Qui
382 2667 618 2719 nondum
641 2681 698 2718 se
723 2665 927 2718 deliciis
953 2665 1126 2716 soloe-

100 2755 237 2798 mat.
265 2745 309 2796 l.
337 2743 428 2816 qni
457 2743 688 2796 nondum
717 2741 879 2794 nimia
909 2739 1128 2793 mollitie

100 2838 150 2876 et
165 2823 426 2896 voluptate
445 2821 577 2874 vires
596 2838 708 2874 suas
729 2821 994 2892 fregerant.
1014 2817 1086 2869 R.

169 2923 216 2956 a.
240 2905 362 2956 Au!
378 2905 558 2954 tellum
577 2911 804 2954 versata.
825 2899 914 2954 sic
931 2899 1128 2951 Ετυιιι.

100 2979 360 3034 Nonnulli
381 2977 531 3031 codd.
561 2977 707 3029 Pine.
733 2989 784 3030 et
815 2977 961 3032 Grut-
987 2994 1126 3047 pre-

99 3071 233 3112 stant
259 3067 358 3110 out
381 3059 618 3108 tellurem
643 3057 925 3109 versantia.
947 3052 1126 3106 Ruhlt.

171 3138 216 3188 3.
232 3137 602 3189 Fen-amentis.
615 3132 657 3186 1.
669 3131 1016 3189 instrumentis
1026 3129 1130 3184 ehi-

101 3213 338 3289 rurgieia.
359 3211 542 3266 Rnhk.
725 3241 730 3246 ·

171 3297 220 3358 4.
243 3291 448 3344 Multos
468 3290 675 3343 morbos
691 3286 1129 3361 multafircnlas

102 3371 246 3422 vide
269 3369 326 3422 in
353 3365 490 3421 han‘c
515 3385 622 3419 rem
649 3365 911 3420 Plutarchi
937 3365 1128 3434 Quest-

105 3446 369 3502 ronvival.
392 3447 518 3498 vlu
535 3485 552 3508 ‚
578 3465 620 3498 e.
643 3465 692 3517 9.
714 3447 864 3514 Lips-

175 3531 224 3581 5.
261 3525 342 3578 Et
368 3528 468 3578 ma
493 3543 568 3578 ex
587 3525 912 3578 contrariis...
937 3524 1132 3576 redun-

106 3607 258 3658 dant.
299 3603 490 3656 Sensus
529 3613 602 3654 est
621 3620 637 3655 τ
657 3621 766 3656 non
799 3601 989 3654 mirum
1025 3609 1096 3652 est
1111 3637 1128 3662 ,

108 3683 248 3754 quod
276 3681 367 3734 illa
397 3693 502 3732 tam
537 3680 790 3733 contraria
818 3678 1058 3732 alimenta
1075 3676 1130 3729 in

111 3777 274 3810 unum
289 3757 464 3810 eibum
483 3755 744 3829 compulsa
758 3777 797 3808 s.
813 3756 1022 3808 collecta
1039 3755 1133 3806 ser·

107 3837 480 3889 mentationem
515 3834 732 3887 subeunt
759 3834 960 3886 noxiam
988 3845 1037 3886 et
1055 3833 1134 3886 ni-

111 3916 220 3967 mio
245 3915 438 3988 impetn
462 3932 618 3966 venas
643 3911 870 3986 implent.
895 3909 1076 3964 Reduc.

175 3994 228 4046 fi.
243 3994 382 4046 Inde
395 4003 514 4046 tam
531 3993 729 4044 nullo...
747 3993 987 4043 vicimus.
1006 3986 1134 4042 Inde

106 4073 165 4126 fit
181 4115 196 4141 ,
227 4085 280 4126 ut
307 4086 412 4126 tam
433 4072 640 4124 diversa
654 4081 702 4123 et
719 4070 869 4123 mixta
883 4068 1136 4142 perplexa·

1223 2681 1322 2732 que
1361 2661 1656 2716 morborum
1693 2682 1882 2736 genera
1916 2663 2019 2720 sint
2036 2703 2054 2732 ,
2084 2685 2239 2738 quam

1219 2739 1430 2792 vivendi
1454 2740 1582 2794 ratio
1610 2755 1780 2795 nostra
1806 2755 1876 2796 est
1899 2742 2089 2797 discors
2112 2765 2240 2818 pro-

1221 2830 1332 2891 pter
1362 2817 1593 2871 ciborum
1652 2839 1839 2893 genera
1890 2821 2240 2876 multiformia.

1222 2893 1482 2948 Ruhk.—
1494 2895 1657 2949 Miror
1671 2897 1809 2968 quod
1830 2897 1961 2950 nulli
1980 2899 2095 2954 edd.
2116 2919 2241 2952 eon-

1221 2971 1435 3044 ieeerint
1455 2977 1621 3028 multo
1632 3013 1649 3043 ,
1675 2975 1815 3048 quod
1832 2977 2029 3030 facilius
2049 2977 2242 3030 intelli-

1224 3063 1442 3124 geretur.

1291 3149 1339 3194 7.
1359 3129 1650 3184 Maoee'mus
1664 3133 1754 3185 ille
1772 3131 2136 3188 medicor-mn...
2156 3136 2245 3186 Ia-

1225 3210 1424 3262 horare.
1462 3205 1793 3282 Hippocrates
1829 3211 1885 3262 in
1924 3212 1986 3264 iia
2014 3211 2209 3286 seriptis
2226 3251 2241 3278 ,

1227 3304 1339 3357 que
1360 3298 1555 3339 aetatem
1578 3286 1829 3356 tulerunt,
1855 3287 1965 3342 haee
1982 3291 2243 3344 memorie

1223 3383 1334 3416 non
1362 3365 1597 3436 prodidit.
1632 3367 1834 3420 Similia
1864 3380 2033 3420 tamen
2058 3387 2245 3422 oecur-

1225 3454 1345 3494 rnnt
1364 3443 1419 3495 in
1442 3441 1575 3496 libro
1600 3443 1663 3496 de
1690 3457 1869 3498 natura
1892 3446 2044 3499 Pueri
2070 3469 2119 3519 p.
2144 3448 2239 3512 '²4¹

1229 3521 1308 3575 ed.
1331 3521 1527 3577 Genev.
1552 3523 1692 3594 1657.
1714 3525 1804 3577 fol.
1827 3542 1841 3576 ε
1863 3523 2093 3578 Galenus
2115 3546 2244 3599 quo-

1228 3619 1328 3670 que
1342 3599 1407 3652 ad
1422 3598 1509 3654 lib.
1525 3601 1598 3654 Vl
1616 3601 1906 3676 Aphorism.
1928 3615 2097 3670 notat,
2120 3604 2244 3657 olim

1229 3677 1284 3731 id
1307 3678 1379 3731 ita
1403 3677 1554 3732 fuisse
1581 3679 1900 3754 Hippocratis
1922 3699 2061 3748 oevo,
2087 3701 2245 3752 quum

1227 3754 1485 3807 moderate
1509 3755 1823 3810 victitarent:
1840 3771 1891 3810 at
1910 3777 2001 3812 auo
2020 3772 2246 3834 tempore

1229 3847 1433 3906 propter
1452 3833 1892 3908 intemperantiam
1913 3835 2071 3889 victus
2092 3849 2140 3888 et
2157 3857 2246 3889 eu-

1230 3912 1425 3965 nuchos
1443 3949 1458 3978 ,
1476 3925 1525 3965 et
1548 3913 1761 3967 feminas
1780 3933 1908 3988 saepe
1927 3915 2149 3986 podagra
2172 3913 2246 3964 la-

1231 3989 1429 4043 borare.
1466 3989 1715 4044 Ceterum
1747 3991 2035 4045 Aristoteles
2060 3993 2121 4043 de
2146 3993 2247 4044 Ge-

1234 4079 1389 4122 nerat-
1414 4067 1635 4122 Animal.
1656 4069 1725 4136 V,
1753 4068 1783 4120 3
1810 4071 1981 4138 (quem
2004 4067 2171 4121 lorum
2196 4069 2247 4120 J.

2299 1064 2359 1115 ¹9

2293 1989 2353 2022 20
