2667 4475
401 263 540 331 660
748 350 752 353 ,
995 216 1012 235 ’
1135 256 1807 327 JUSTILIPSII

401 406 466 463 in·
492 404 616 463 Deo
643 403 800 461 enim
828 420 1021 460 rernm
1047 400 1307 459 omnium
1340 400 1639 481 exemplar
1668 411 1793 459 erat
1832 398 1909 459 ab
1933 410 2191 461 aterno.
2238 400 2584 463 lomisl:

401 510 570 585 Quod
617 509 828 569 factum
875 520 962 567 est
983 550 1004 581 ,
1039 509 1101 566 in
1149 509 1276 588 ipso
1322 508 1441 567 vita
1490 519 1631 567 erat.
1664 534 1693 561 ιι
1730 507 1935 589 Neque
1984 530 2139 567 sane
2180 509 2589 569 Teu-tulliam

399 616 634 675 damnat
657 612 826 696 (cap.
861 610 1007 694 18),
1054 614 1160 672 etsi
1198 612 1383 672 videri
1422 614 1631 694 possit,
1676 612 1768 673 De
1812 613 2025 671 Anima
2062 636 2083 672 ι
2116 614 2239 673 ubi
2286 614 2585 675 dumtaxn

401 721 701 781 Gnosticos
721 733 782 781 et
800 717 1232 779 Valentinianos
1253 720 1459 799 rejicit,
1486 720 1587 800 qni
1608 718 1818 780 AEones
1836 742 1971 779 suos
1988 754 2008 793 ·,
2036 732 2105 780 et
2118 722 2251 780 alia
2277 720 2499 781 deliria
2512 766 2531 795 ,
2556 744 2583 779 e

398 827 700 887 Platonicis
733 823 884 887 Ideis
925 846 1100 907 prave
1133 821 1494 885 hauriebant.
1524 824 1670 885 Sunt
1696 827 1871 907 igitur
1898 825 2053 885 Idae
2086 850 2107 886 ε
2141 850 2230 886 an
2267 842 2335 887 et
2368 830 2581 887 Princi—

395 934 594 1016 pium?
621 934 842 993 Platoni
865 931 1156 1013 ·quidem;
1193 952 1377 1013 eoque
1410 931 1727 1009 originales
1754 952 1934 991 mmm
1970 934 2205 1011 species
2244 934 2575 995 Mau-uhi&

392 1040 490 1124 (in
527 1042 724 1101 Somn.
760 1038 830 1114 Ι,
878 1060 1003 1119 cap.
1047 1036 1180 1119 ιι),
1213 1037 1565 1117 Principales
1583 1034 1818 1116 formas
1846 1037 2219 1098 Claudianus
2253 1040 2569 1101 Manna-tus

394 1144 540 1203 dixit
559 1141 678 1224 (De
699 1142 838 1203 Stat.
860 1139 1006 1223 An.)
1026 1165 1042 1213 ;
1063 1153 1122 1201 et
1141 1142 1429 1201 Ausonius
1451 1140 1642 1201 Datus
1652 1139 1905 1222 formas,
1934 1142 1997 1203 id
2022 1156 2147 1217 est,
2176 1146 2379 1206 rebus
2406 1170 2445 1206 a
2460 1148 2565 1206 De·

393 1252 716 1333 impressas.
748 1250 895 1309 Nam
923 1250 1046 1327 ejus
1075 1245 1230 1306 hunc
1259 1246 1565 1329 Gryphum
1594 1270 1712 1307 non
1741 1250 1905 1308 aliter
1931 1252 2313 1331 interpreter
2336 1276 2357 1311 ε

719 1369 776 1417 In
797 1364 1014 1435 Physicis
1034 1366 1128 1415 tria
1148 1365 1308 1433 prima
1321 1381 1337 1426 ;
1365 1366 1519 1425 Deus,
1542 1364 1751 1415 Mundus
1766 1402 1784 1427 ,
1808 1364 1925 1417 data
1947 1370 2151 1417 Forma.

389 1476 525 1535 Tria
557 1474 804 1535 Platonis
832 1472 1116 1555 principia
1140 1472 1336 1551 ponit,
1374 1469 1558 1530 Deum
1584 1473 1881 1532 materiam
1910 1472 2099 1554 (hanc
2126 1496 2251 1555 per
2278 1476 2555 1536 Mundum

389 1584 608 1665 signat,
646 1582 744 1661 qui
777 1600 848 1639 ex
873 1600 939 1639 ea
966 1574 1090 1658 est)
1112 1575 1335 1636 Ideam.
1364 1576 1767 1658 Trismegistns
1792 1579 1961 1637 etiam
1996 1581 2265 1660 amplius
2282 1626 2302 1656 ‚
2352 1581 2557 1642 Exem-

389 1688 608 1768 plarem
628 1686 900 1747 Formam
917 1729 933 1759 ‚
964 1685 1124 1766 prius
1156 1682 1503 1763 principium
1529 1683 1657 1763 ipso
1684 1685 1969 1765 principio
1998 1686 2397 1748 interminato
2426 1690 2553 1749 dixit

387 1792 542 1875 (cap.
587 1791 644 1873 ι)
673 1815 688 1849 =
719 1791 782 1850 id
810 1804 900 1850 est
925 1790 1190 1849 Materia.
1235 1790 1479 1849 Ratione
1508 1790 1701 1870 prius,
1734 1792 1869 1871 quia
1902 1792 1961 1849 in
1992 1792 2123 1851 Deo
2152 1807 2289 1867 at,
2324 1808 2389 1855 et
2414 1818 2551 1878 pra-

385 1900 544 1957 venit
563 1896 845 1956 facienda.
871 1896 1084 1955 Seneca
1107 1896 1405 1976 quaesitum
1432 1906 1625 1956 tamen
1650 1895 1758 1956 hoc
1780 1897 2029 1957 ostendit
2048 1894 2329 1979 (Quaest.
2356 1902 2484 1962 Nat.
2520 1903 2545 1961 1

386 2008 446 2065 in
489 2001 686 2085 Praef.)
722 2027 770 2076 :q
788 2029 816 2056 «ι
837 2002 1048 2061 Utrum
1093 2001 1235 2062 Idea
1277 2000 1531 2061 Materiae
1572 2004 1728 2083 prius
1772 2005 2111 2083 supervenit
2132 2049 2151 2078 ‚
2197 2028 2285 2065 an
2314 2008 2545 2068 Materia

387 2111 536 2171 Ideae
553 2110 580 2169 ἲ
597 2136 626 2164 n
657 2109 770 2169 Sed
801 2108 1155 2169 Mercurium
1183 2108 1346 2168 illum
1371 2121 1529 2167 recte
1554 2109 1835 2169 decidisse
1862 2110 2241 2187 arbitramur,
2278 2128 2343 2173 et
2370 2115 2541 2175 idam

387 2217 736 2278 antevenire.
786 2212 938 2275 Illud
979 2224 1172 2275 tamen
1195 2234 1328 2274 non
1376 2216 1603 2289 omitto,
1639 2217 1701 2275 in
1736 2214 1963 2276 Senecae
1992 2232 2065 2276 eo
2094 2216 2235 2278 loco
2270 2220 2535 2301 quosdam

383 2327 556 2385 libros
597 2325 846 2384 scrihere
883 2341 900 2382 ε
941 2349 969 2377 ιι
999 2323 1166 2383 Ratio
1205 2323 1461 2382 Materiae
1508 2324 1667 2406 prius
1680 2325 1692 2332 “
1718 2327 2082 2406 superveniat
2106 2369 2125 2400 ,
2180 2349 2265 2386 an
2308 2329 2535 2388 Matuia

384 2433 612 2493 Rationi
659 2456 676 2492 ε
721 2457 749 2486 2>
793 2429 948 2514 quod
981 2431 1221 2489 stoicum
1249 2414 1432 2511 magis
1472 2431 1547 2488 sit
1564 2474 1581 2504 ,
1634 2443 1693 2489 et
1738 2432 1895 2511 capis
1926 2451 1999 2490 ex
2032 2444 2173 2492 ante
2202 2433 2405 2495 dictis.
2436 2435 2535 2494 Sed

384 2535 581 2598 Ideam
615 2539 788 2620 igitur
821 2559 952 2595 cum
979 2535 1195 2595 Seneca
1224 2532 1488 2593 admittat
1508 2578 1526 2608 ,
1562 2547 1621 2594 et
1650 2549 1915 2618 agnoscat
1942 2558 1959 2594 ε
1984 2538 2249 2597 etiamne
2280 2553 2351 2599 ut
2380 2541 2533 2600 Prin-

382 2643 642 2725 cipium?
677 2643 808 2701 Non
851 2640 1023 2715 facit,
1053 2653 1244 2720 neque
1283 2639 1488 2712 Stoiei3
1530 2661 1637 2701 nee
1670 2663 1807 2702 sane
1840 2654 1926 2701 est
1954 2663 2121 2722 opus·
2158 2645 2363 2704 Deum
2390 2647 2529 2706 enin

379 2771 558 2831 quum
575 2757 790 2830 ponant
814 2771 830 2806 ε
856 2748 996 2828 quid
1018 2747 1188 2807 Ideas
1210 2748 1447 2807 seorsim
1469 2761 1760 2829 apponant
1775 2792 1792 2822 ,
1818 2769 1943 2830 quae
1968 2762 2103 2808 sunt
2130 2750 2197 2808 in
2214 2749 2355 2811 Deo
2372 2753 2397 2812 ‚³
2415 2751 2527 2812 Ne-

379 2877 494 2937 que
515 2855 690 2914 iidem
718 2855 886 2913 etiam
909 2851 1182 2912 Formam
1199 2853 1517 2912 Aristotelis
1544 2897 1559 2928 ‚
1585 2854 1706 2913 sive
1724 2859 1785 2916 τό
1808 2855 1939 2923 εἶδος
1960 2869 2279 2916 accensent
2302 2881 2323 2916 ε
2348 2879 2527 2940 qnan-

378 2985 552 3044 quam
593 2984 702 3022 nec
747 2981 872 3020 eam
914 2981 1051 3019 sane
1085 2959 1306 3019 tollant.
1346 2959 1502 3034 Quid
1530 2962 1633 3035 sit,
1670 2973 1731 3020 et
1759 2963 1832 3021 ab
1868 2961 2006 3021 Idea
2032 2961 2275 3022 differat
2296 3009 2315 3038 ,
2350 2987 2521 3047 opere

379 3071 600 3150 putavit
625 3067 838 3128 Seneca
867 3065 1152 3148 explicare
1178 3063 1399 3148 (Epist.
1436 3064 1632 3148 mm).
1670 3091 1698 3120 a
1724 3067 1881 3143 Quid
1906 3069 2131 3128 intersit
2157 3074 2409 3150 qum-is?
2436 3075 2521 3133 21-

277 3174 284 3180 ’
377 3187 562 3235 temm
602 3173 832 3257 (Idea)
877 3172 1168 3254 exemplar
1208 3185 1328 3246 est,
1376 3173 1615 3232 alterum
1646 3171 1853 3256 (Idos)
1892 3173 2076 3234 forma
2098 3175 2181 3234 ab
2210 3179 2511 3260 exemplari

377 3293 622 3362 sumpta.
660 3281 909 3341 Alteram
937 3274 1144 3339 artifex
1167 3279 1441 3352 imitatur,
1476 3280 1711 3339 alteram
1732 3277 1885 3339 facit.
1915 3305 1943 3333 n
1978 3280 2152 3340 Plura
2180 3283 2375 3359 addit,
2398 3308 2510 3367 qna

375 3407 494 3445 non
519 3387 757 3446 obscura
787 3398 958 3445 suntz
983 3406 1166 3466 eoque
1193 3383 1529 3444 omittenda.
1560 3385 1675 3445 Sed
1694 3385 1813 3444 haec
1842 3385 2023 3446 forma
2037 3429 2056 3460 ,
2088 3409 2277 3467 qutun
2298 3389 2375 3450 ad
2396 3413 2501 3451 rem

374 3492 823 3554 constituendam
865 3505 1162 3552 concurrat
1179 3536 1196 3566 ,
1233 3491 1519 3572 faciatque
1548 3493 1800 3552 maxime
1830 3516 1848 3550 ε
1878 3514 1983 3552 cnr
2010 3514 2126 3552 non
2162 3494 2499 3579 Principium

373 3601 573 3662 Stoicis
597 3599 622 3658 Τ
659 3597 806 3672 Quia
835 3597 1050 3678 placuit
1077 3599 1146 3656 iis
1177 3599 1366 3679 prima
1394 3597 1679 3679 Principia
1710 3599 1849 3658 dare
1872 3643 1890 3674 ,
1934 3612 1995 3658 et
2032 3612 2167 3659 ante
2198 3623 2331 3682 qnae
2372 3605 2497 3664 nihil

374 3719 522 3767 esset
563 3729 579 3764 =
617 3725 860 3786 quaeque
906 3705 1128 3764 eadem·
1153 3718 1360 3765 aeterna
1390 3706 1523 3764 sint.
1570 3705 1646 3764 At
1678 3704 1871 3764 formae
1894 3717 2093 3765 auctor
2116 3707 2283 3767 Deus
2310 3724 2419 3784 est,
2444 3725 2491 3770 et

371 3812 624 3872 nascitur
641 3809 867 3870 assidue
887 3831 954 3870 ac
975 3811 1148 3891 perit.
1173 3811 1279 3872 Vis
1302 3811 1451 3872 inter
1478 3811 1624 3870 seria
1652 3811 1823 3870 etiam
1839 3852 1857 3883 ,
1888 3811 2043 3892 quod
2072 3811 2307 3873 rideas?
2330 3816 2491 3877 vano

373 3929 438 3975 ut
465 3939 588 3976 rem
617 3937 880 3999 magnam
905 3960 922 3990 ,
955 3927 1021 3974 nt
1047 3917 1345 3996 mysticam
1369 3960 1387 3990 ,
1426 3917 1689 3998 religiose
1725 3917 1911 3996 aperit
1929 3961 1950 3990 ,
1985 3939 2049 3976 se
2082 3918 2192 3978 tria
2222 3919 2485 4003 Principia

373 4021 526 4100 apud
555 4021 946 4084 Samothracas
981 4023 1282 4103 reperisse.
1335 4049 1364 4078 α
1394 4023 1691 4085 lucorum
1715 4066 1733 4097 ,
1774 4022 1962 4103 inquit
1994 4022 2193 4106 (apud
2224 4027 2489 4109 Angusti-
