2667 4475
379 285 511 378 670
605 342 614 353 .
1129 283 1431 353 JUSTI
1480 284 1807 352 mrsu

383 448 512 485 sum
529 472 544 497 ,
575 426 675 487 sed
697 438 918 487 tantum
941 428 1016 487 ad
1037 426 1377 515 Vivendum·
1390 426 1763 488 valitudinem
1785 425 2173 509 (potentiam
2188 428 2241 509 ).
2272 427 2449 488 Hanc
2476 430 2573 489 vim

377 538 440 595 in
467 547 658 593 nostro
685 557 923 617 corpore
953 556 1290 617 permanare
1322 535 1463 594 dicit
1488 535 1565 595 ad
1592 555 1717 594 ossa
1738 578 1757 608 ‚
1790 556 2027 617 ungues
2043 580 2059 607 ,
2098 536 2365 617 capillos
2398 559 2417 593 ε
2448 538 2571 593 sieut
2640 508 2643 551 ¹

2641 586 2643 617 Ι

380 626 441 698 in
475 640 696 701 Mundo
728 642 957 701 arbores
990 643 1114 700 sine
1149 642 1333 701 Sensu
1370 642 1631 713 aluntur,
1667 655 1724 701 et
1754 654 2031 701 crescunt
2052 686 2073 714 ‚
2120 655 2191 703 et
2220 642 2407 701 modo
2434 664 2569 722 qno-

379 746 510 805 dam
543 769 646 805 suo
675 747 896 807 vivunt.
925 747 1252 807 Secundum
1277 746 1537 807 Gradum
1568 746 1743 819 dicit,
1779 747 1840 807 in
1864 769 1989 827 quo
2022 760 2123 807 est
2146 747 2382 808 Sensus
2402 773 2416 819 ;
2440 748 2569 806 hant
2640 772 2643 833 4

375 854 492 913 vim
534 854 840 934 pervenire
884 854 946 911 in
995 852 1204 913 Oculos
1227 898 1244 929 ,
1294 855 1514 927 Aures,
1550 854 1730 913 Nares
1752 898 1771 927 ,
1821 852 1903 911 Os
1926 899 1946 927 ,
1984 852 2287 915 Tectum.
2327 856 2565 914 Tertium

379 959 637 1021 Gradum
667 961 881 1019 Animae
911 982 1034 1027 esse
1063 982 1351 1021 summum
1368 1005 1387 1035 ,
1418 962 1521 1042 qui
1550 972 1786 1021 vocatur
1816 963 2069 1021 Animus
2092 1005 2115 1036 ,
2154 964 2225 1021 in
2256 984 2382 1043 quo
2408 962 2563 1021 Intel-

375 1068 608 1149 ligentia
636 1068 1002 1147 praeeminet:
1031 1066 1138 1127 hoc
1157 1112 1175 1141 ,
1201 1080 1407 1149 praeter
1427 1066 1738 1127 Hominem
1758 1109 1775 1139 ‚
1801 1088 2005 1126 omnes
2029 1088 2259 1127 carere
2284 1068 2555 1127 mortales.

381 1172 451 1231 In
479 1195 623 1257 qua,
662 1174 934 1253 quoniam
965 1171 1226 1233 homines
1255 1172 1383 1231 Deo
1408 1173 1679 1235 videntur
1700 1194 1825 1233 esse
1851 1172 2077 1233 similes
2100 1198 2118 1244 ;
2158 1173 2327 1233 hanc
2358 1186 2553 1254 parti-m

377 1280 594 1341 Animae
627 1280 871 1355 Mundi,
917 1281 1058 1342 dicit
1089 1280 1314 1356 Deum,
1368 1282 1427 1340 in
1464 1282 1631 1341 nobis
1675 1294 1865 1341 autem
1903 1279 2179 1341 Genium
2219 1283 2445 1341 vocari.
2476 1282 2553 1341 Sic

375 1410 509 1471 ergo
541 1401 598 1449 et
629 1386 839 1449 Anima
865 1387 1114 1463 Mundi,
1151 1400 1265 1447 tres
1301 1387 1515 1471 gradus
1552 1389 1855 1449 instituens
1868 1432 1885 1459 ‚
1918 1410 2109 1449 unam
2166 1391 2309 1469 ejus
2354 1402 2549 1471 partem

376 1496 516 1556 dicit
561 1518 684 1555 esse
728 1492 975 1575 Lapides
1023 1506 1080 1554 et
1112 1492 1294 1576 Ligna
1313 1536 1330 1568 ,
1374 1506 1434 1555 et
1460 1494 1607 1555 hanc
1639 1506 1849 1555 terram
1886 1516 2063 1575 quam
2096 1494 2421 1569 videmus,
2452 1516 2551 1574 qm

376 1624 489 1663 non
521 1614 818 1685 permanat
848 1601 1059 1662 Sensus
1089 1625 1106 1660 x
1137 1612 1200 1661 ut
1231 1622 1357 1661 ossa
1378 1644 1396 1673 ,
1432 1612 1491 1661 et
1530 1621 1751 1683 ungues
1778 1600 1913 1659 Dei.
1964 1600 2175 1661 Solem
2204 1624 2355 1663 vem
2378 1646 2397 1674 ,
2448 1598 2547 1658 Ln-

377 1731 544 1783 nam‚
577 1709 799 1783 stellas,
831 1702 956 1789 ‹juae
990 1708 1300 1781 sentimuS,
1340 1708 1663 1789 quibusque
1691 1708 1815 1787 ipse
1862 1707 2077 1780 sentit,
2136 1729 2277 1788 quae
2304 1708 2545 1789 pervenit

375 1815 436 1875 in
457 1826 635 1888 astra,
668 1813 854 1873 facere
879 1812 1032 1872 Deos
1054 1836 1069 1885 ς
1102 1825 1160 1873 et
1186 1834 1290 1894 per
1319 1833 1445 1871 cam
1470 1810 1626 1893 quod
1647 1812 1707 1871 in
1728 1812 1965 1871 Terram
1990 1825 2319 1891 permanat
2337 1856 2357 1885 ,
2382 1811 2541 1870 Deam

373 1918 660 1977 Tellurem
683 1941 698 1988 ;
735 1917 892 1997 quod
915 1931 1108 1977 autem
1131 1919 1191 1977 in
1213 1940 1373 1979 mare
1395 1931 1567 1999 atque
1596 1917 1891 1977 Oceanum
1908 1961 1927 1991 ,
1954 1918 2159 1979 Deum
2188 1941 2327 1979 esse
2350 1920 2545 2001 Neptn-

374 2046 534 2083 num.
563 2050 590 2077 »⁸
632 2022 878 2083 Pulchra
906 2025 1014 2085 ista
1034 2067 1051 2098 ,
1086 2046 1192 2105 pro
1223 2025 1401 2085 veteri
1448 2024 1807 2105 philosophia
1843 2048 1860 2083 ε
1897 2037 1956 2083 et
1984 2046 2115 2107 quae
2166 2027 2319 2087 talia
2362 2029 2543 2087 muita

377 2132 726 2193 desiderium
781 2133 1057 2212 suscitant
1108 2134 1451 2213 scriptorum
1483 2132 1759 2191 Varronis
1784 2176 1801 2207 ‚
1854 2153 1979 2212 quae
2021 2133 2295 2213 pessimo
2334 2134 2543 2216 publico

377 2242 690 2322 perierunt.
736 2239 853 2300 Sed
883 2239 1191 2298 lustremus
1214 2283 1230 2311 ,
1267 2251 1325 2298 et
1366 2237 1660 2298 adeamus.
1712 2234 1942 2298 Gradus
1984 2237 2297 2318 appellat,
2348 2263 2385 2300 a
2424 2263 2541 2321 pri-

376 2349 580 2407 stantia
603 2370 618 2417 ;
645 2358 702 2405 et
724 2347 858 2428 quia
888 2346 1000 2405 alia
1028 2345 1265 2404 facultas
1289 2344 1460 2402 aliam
1480 2388 1498 2418 ‚
1520 2343 1682 2426 quasi
1706 2364 1949 2403 ascensu
1968 2345 2233 2426 quodam
2252 2387 2275 2421 ,
2304 2347 2539 2407 excedit.

378 2455 581 2514 Partes
607 2453 706 2534 qui
739 2451 938 2512 dicunt
957 2495 974 2524 ‚
1007 2473 1210 2531 parum
1239 2451 1471 2531 proprie
1500 2449 1659 2530 loqui
1688 2449 1975 2524 videntur,
2010 2452 2152 2531 quia
2191 2479 2221 2505 α
2254 2453 2402 2512 Pars
2434 2469 2543 2524 est,

378 2582 502 2641 quae
535 2559 793 2637 subjecto
815 2601 831 2632 ,
863 2556 1042 2616 forma
1065 2601 1082 2631 ,
1119 2567 1177 2616 et
1203 2555 1496 2615 functione
1522 2556 1595 2614 ab
1614 2556 1723 2614 alia
1751 2569 1915 2637 parte
1941 2555 2135 2616 differt
2160 2581 2177 2615 =
2204 2572 2274 2618 at
2294 2559 2547 2620 Facultas

378 2670 440 2726 in
483 2666 683 2726 eodem
727 2665 981 2744 subjecto
1015 2677 1100 2723 est
1117 2709 1134 2740 ,
1183 2676 1240 2721 et
1279 2663 1474 2744 plures
1514 2681 1637 2722 esse
1673 2675 1911 2744 possunt
1932 2707 1948 2735 ,
1994 2665 2329 2744 quantitate
2364 2679 2545 2726 tamen

378 2793 495 2831 non
527 2771 800 2830 discretae.
827 2769 982 2829 Sicut
1004 2770 1157 2852 pomi
1177 2768 1472 2827 facultates
1502 2789 1700 2828 omnes
1732 2769 1942 2827 inuno
1970 2783 2337 2842 cernuntur3
2368 2787 2543 2853 partes

383 2879 502 2938 aliae
532 2877 666 2936 alibi
696 2878 979 2943 exsistunt
1009 2873 1337 2956 (Porphyr.
1395 2873 1551 2955 apud
1590 2873 1748 2932 stob.
1776 2871 1823 2954 ).
1848 2899 1875 2926 υ
1927 2872 2006 2933 At
2044 2889 2413 2938 excusantur
2454 2879 2541 2959 qui

383 2987 462 3044 sic
500 2985 673 3044 locuti
695 3027 711 3055 ,
762 2983 896 3064 quia
944 2983 1052 3039 etsi
1123 3008 1150 3034 ι(
1176 3003 1282 3061 per
1336 3001 1397 3038 se
1447 2979 1683 3059 quidem
1730 2978 1935 3038 Anima
1995 2981 2265 3060 partibus
2324 2999 2537 3053 eareat,

386 3104 575 3154 tamen
596 3088 818 3170 corpori
860 3087 1118 3169 partibus
1154 3085 1433 3146 constanti
1478 3096 1566 3144 est
1602 3082 1779 3144 indita
1801 3129 1817 3158 ,
1864 3105 1929 3144 ac
1964 3087 2154 3146 varias
2196 3090 2333 3166 ejus
2364 3103 2539 3172 partes

385 3198 555 3256 variis
591 3193 977 3254 functionibus
1032 3204 1272 3273 occupat
1293 3229 1332 3266 ,·
1358 3204 1414 3250 et
1452 3213 1520 3250 eo
1564 3202 1827 3272 respectu
1868 3191 2065 3252 Partes
2105 3191 2313 3256 hahet.
2352 3197 2537 3278 Neque

389 3305 542 3362 enim
575 3301 778 3362 eadem
825 3299 1041 3360 functio
1079 3311 1253 3379 caput
1295 3310 1493 3370 tenet,
1536 3311 1593 3358 et
1637 3309 1875 3378 pectus,
1922 3311 1981 3359 ct
2022 3301 2209 3380 jecur.
2240 3327 2273 3354 n
2324 3301 2537 3386 (mid.)

386 3409 500 3469 Sed
534 3407 624 3466 his
670 3409 892 3468 omissis
915 3451 931 3478 ,
963 3407 1146 3466 Varro
1186 3405 1361 3486 igitur
1400 3416 1517 3464 tres
1556 3401 1784 3464 Gradus
1814 3404 1951 3464 fecit
1982 3428 1998 3462 ε
2033 3406 2535 3489 Peripateticorum

387 3517 557 3575 etiam
597 3515 733 3574 ritu.
777 3515 973 3572 Unum
1020 3512 1168 3572 Vita:
1204 3523 1427 3570 tantum
1446 3555 1463 3584 ‚
1498 3531 1671 3592 quem
1708 3501 1989 3594 &pem-2162
2023 3511 2211 3574 Graeci
2230 3559 2248 3588 ‚
2286 3517 2531 3579 Alem’an

389 3622 639 3694 Plinius,
677 3618 846 3678 hodie
891 3618 948 3676 V
943 3627 1252 3696 egetantem'
1283 3617 1502 3678 dicunt.
1541 3617 1716 3678 Hunc
1750 3620 1937 3700 ipsum
1978 3621 2037 3680 ia
2064 3619 2293 3684 Maemdo
2320 3623 2529 3706 (melim

289 3757 294 3760 ·
385 3727 622 3788 fortasse
653 3724 888 3794 Mundi,
934 3725 1026 3783 vel
1057 3724 1354 3784 Mundano
1374 3773 1387 3794 ,
1426 3745 1635 3805 nempe
1670 3724 1932 3807 corpore)
1958 3728 2123 3808 ponit
2146 3751 2163 3786 ε
2192 3742 2251 3788 et
2280 3733 2523 3793 arbom,

385 3837 607 3919 plantas
628 3857 693 3894 ac
715 3833 850 3892 talia
869 3831 1130 3892 includit.
1157 3831 1302 3891 Nam
1325 3843 1651 3912 perseverat
1672 3833 1731 3891 in
1751 3832 1857 3892 hac
1877 3837 2311 3915 comparatione
2330 3841 2525 3897 Anima

309 3960 324 3974 ⁶
389 3943 634 4014 Mundi,
685 3963 815 4002 cum
857 3940 1065 3998 Anima
1096 3937 1366 3998 Hominis
1386 3981 1403 4012 ,
1443 3949 1499 3998 et
1528 3938 1831 4020 utrobique
1873 3939 2033 4020 paria
2086 3941 2366 4005 ostendit.
2409 3945 2529 4003 Ter-

393 4049 504 4105 tius
534 4060 722 4106 autem
753 4043 980 4106 Gradus
1006 4045 1204 4103 animae
1223 4087 1239 4117 ,
1273 4045 1488 4124 inquit,
1529 4069 1557 4098 «
1578 4057 1665 4104 est
1686 4065 1938 4106 summus
1957 4087 1974 4118 ,
1997 4045 2100 4124 qui
2120 4049 2369 4110 Animus
2384 4071 2529 4112 voca-
