2667 4475
405 318 902 387 PHYSIOL.
953 318 1453 388 STOICOR.
1504 317 1711 386 LIB.
1761 319 1907 388 111.
2102 324 2237 417 637

57 480 84 525 t
125 476 378 525 rector.
411 462 770 544 Mancipium
800 473 886 523 est
911 505 929 537 ,
955 462 1192 543 inquam
1216 505 1235 536 ,
1266 484 1399 543 pars
1426 462 1603 523 altera
1633 485 1650 521 ε
1681 474 1738 523 et
1765 462 1936 523 homo
1964 484 2193 546 quoque
2213 510 2231 541 ,

57 572 248 651 iquis
302 592 429 631 eam
479 570 634 629 colit.
690 568 976 650 Diogenes
1021 568 1118 627 ille
1151 568 1321 629 Canis
1362 570 1659 629 scitissime
1697 569 1833 629 olim
1859 614 1877 645 ,
1910 592 2090 651 quum
2121 572 2237 631 ali-

57 677 313 759 nando
329 720 346 751 ‚
377 702 406 729 α
431 671 634 735 Heus!
659 675 918 735 homines
940 719 959 748 ,
990 670 1224 734 adeste!
1253 701 1281 727 ι»
1315 675 1555 735 dixisset
1578 700 1595 734 ε
1624 688 1683 736 et
1711 698 2021 737 concursus
2050 676 2233 737 factus

58 797 210 843 sset
239 828 264 858 ,
301 783 506 843 baculo
537 783 728 865 abegit
771 803 970 843 omnes
991 826 1008 857 ,
1041 781 1258 842 addens
1289 806 1308 841 ε
1345 808 1371 836 α
1398 782 1677 843 Homines
1720 784 1875 843 enim
1904 780 2185 845 ndiocavi
2211 828 2229 858 ,

57 914 170 951 non
209 902 604 972 purgamenta
630 916 660 941 ι»
687 933 705 962 ,
739 910 856 948 non
887 887 1003 948 haec
1032 889 1339 971 mancipia.
1376 888 1514 949 Pars
1543 890 1641 949 illa
1672 901 1759 956 est
1784 933 1802 965 ,
1831 910 1957 971 quae
1980 891 2195 949 eminet
2212 933 2231 963 ‚

57 1018 180 1080 pue
211 997 350 1085 solu
377 998 450 1056 ab
473 996 856 1055 animantibus
874 994 1172 1076 brutisque
1195 993 1513 1077 distinguit.
1544 994 1690 1056 Nam
1716 1024 1743 1051 α
1772 1018 2010 1077 corpore
2042 995 2236 1056 valet?

58 1117 92 1165 t
129 1105 362 1164 leones
389 1128 404 1175 ;
438 1102 717 1163 formosus
749 1100 880 1161 est?
912 1114 971 1161 et
997 1122 1248 1183 pavones
1275 1126 1292 1173 3
1325 1102 1495 1162 velox
1526 1100 1650 1161 est?
1688 1114 1747 1162 et
1789 1105 1923 1184 equi
1955 1128 1973 1163 ε
2009 1118 2073 1164 ut
2116 1126 2235 1163 non

57 1214 266 1272 [icam
293 1254 310 1284 ,
343 1212 404 1269 in
431 1210 522 1269 bis
562 1209 829 1269 omnibus
856 1209 1123 1270 vincitur.
1164 1234 1192 1262 υ
1227 1206 1431 1291 (Sen.)
1458 1208 1657 1268 Unum
1702 1230 1838 1291 ergo
1878 1208 2145 1269 Hominis
2180 1225 2239 1270 et

57 1318 374 1399 »roprium
407 1318 622 1376 bonum
648 1360 666 1391 ‚
715 1316 884 1376 Ratio
929 1338 946 1373 z
981 1336 1106 1395 quae
1137 1315 1427 1375 noscenda
1452 1352 1471 1389 ‚
1504 1328 1564 1375 et
1590 1315 1830 1377 colenda
1874 1328 1980 1376 est.
2035 1316 2237 1397 Neque

57 1426 225 1483 enim
252 1467 271 1497 ‚
305 1436 369 1482 ut
396 1424 740 1483 Homericus
769 1420 868 1481 ille
889 1420 1148 1493 Laertius
1173 1464 1190 1495 ,
1215 1422 1445 1482 hortum
1464 1466 1481 1497 ‚
1513 1444 1678 1505 agros
1694 1468 1710 1497 ,
1742 1423 1977 1483 domum
1999 1467 2015 1496 ‚
2046 1424 2241 1483 omnia

57 1532 315 1590 :ur-nbat
335 1574 352 1602 ‚
387 1551 460 1589 se.
478 1529 740 1611 neglecto
771 1552 790 1587 t
823 1530 906 1588 sic
937 1549 1041 1587 nos
1089 1540 1312 1609 oportet
1357 1527 1583 1609 corpori
1628 1539 1687 1587 et
1729 1521 1978 1588 externis
2006 1530 2239 1587 manci-

57 1638 185 1696 nari
219 1680 240 1709 ,
273 1636 450 1695 animi
483 1656 738 1695 securos.
773 1633 960 1693 Immo
987 1654 1127 1693 vero
1161 1630 1244 1693 Te
1271 1650 1455 1694 nosce.
1478 1624 1556 1691 Et
1579 1634 1855 1693 nimirum
1890 1660 1917 1687 ιι
1942 1632 2091 1692 hanc
2116 1635 2234 1693 vim

57 1744 248 1804 nabet
277 1751 626 1823 praeceptum
649 1740 963 1822 Apollinis,
992 1741 1071 1798 ait
1089 1738 1290 1799 Cicero
1310 1737 1383 1820 (Ι
1412 1740 1584 1799 Tusc.
1614 1738 1741 1820 22),
1766 1761 1881 1820 quo
1907 1753 2103 1801 monet
2126 1784 2143 1815 ,
2170 1754 2239 1799 ut

57 1872 105 1909 -e
141 1850 408 1929 quisque
437 1860 663 1907 noscat.
713 1846 841 1906 Non
883 1846 1036 1906 enim
1067 1846 1128 1907 id
1159 1846 1451 1929 praecipit,
1482 1858 1548 1906 ut
1574 1847 1831 1907 membra
1863 1858 2097 1922 nostra,
2138 1860 2237 1907 aut

57 1970 346 2017 taturam
373 1956 688 2037 figuramve
720 1974 1020 2013 noscamus
1049 1976 1068 2011 ε
1107 1974 1294 2035 neque
1333 1974 1441 2013 nos
1482 1976 1723 2035 corpora
1766 1975 1963 2015 sumus
1996 1978 2013 2013 ε
2045 1977 2235 2037 neque

57 2086 167 2145 ego
201 2062 314 2121 tihi
345 2062 540 2121 dicens
563 2060 676 2119 hoc
704 2060 930 2141 corpori
953 2072 1053 2120 tuo
1083 2059 1213 2120 dico
1243 2084 1258 2130 ;
1287 2082 1469 2141 quum
1498 2060 1691 2143 igitur,
1726 2059 1908 2121 Nosce
1936 2072 1995 2121 te
2019 2102 2037 2135 ,
2072 2060 2231 2136 dicit,

57 2194 170 2231 zoe
209 2168 386 2243 dicit,
416 2169 599 2229 Nosce
627 2169 883 2229 animum
911 2180 1072 2227 tuum
1095 2191 1110 2239 ς
1134 2188 1269 2228 nam
1295 2188 1503 2250 corpus
1531 2167 1766 2248 quidem
1794 2169 1961 2249 quasi
1986 2188 2089 2227 vas
2110 2181 2231 2243 est,

57 2291 160 2338 mt
195 2275 435 2356 aliquod
458 2277 636 2336 animi
653 2276 1078 2356 receptaculum
1110 2299 1126 2334 ι
1160 2275 1232 2334 ab
1263 2275 1456 2333 animo
1484 2286 1584 2333 tuo
1614 2273 1899 2354 quidquid
1922 2275 2139 2356 agitur,
2170 2275 2234 2335 id

57 2387 266 2467 agitur
287 2403 322 2440 a
341 2393 418 2440 te.
433 2407 460 2434 »ι
479 2382 750 2456 Attende,
773 2395 830 2441 et
849 2381 962 2441 fac.
984 2381 1096 2441 Sed
1109 2359 1419 2462 quomodo,
1436 2383 1923 2462 inquies,noscam
1944 2381 2234 2441 animum?

57 2493 238 2552 illum
268 2487 553 2548 occultum
573 2532 592 2563 ,
627 2487 790 2548 illum
817 2487 1079 2547 sensibus
1103 2485 1485 2547 subductum?
1516 2487 1653 2567 Ipso
1672 2487 1886 2545 animo.
1918 2485 2076 2546 Sicut
2092 2509 2234 2546 ocu—

57 2599 192 2656 lum
227 2617 346 2654 non
379 2595 490 2654 nisi
524 2593 724 2654 oculus
757 2593 914 2654 videt
932 2631 950 2668 ‚
982 2591 1086 2652 sed
1115 2593 1174 2651 in
1209 2593 1442 2674 speculo
1476 2616 1492 2650 t
1526 2594 1608 2653 sic
1639 2613 1764 2653 sese
1793 2594 2017 2654 animus
2040 2636 2057 2668 ,
2088 2615 2237 2674 quo-

57 2705 210 2763 dam
257 2699 496 2762 reflexu.
550 2700 620 2761 In
668 2721 730 2760 se
768 2701 942 2782 igitur
981 2701 1272 2759 intueatur
1310 2723 1327 2758 ε
1366 2727 1394 2752 u
1424 2712 1484 2761 et
1516 2701 1767 2760 maxime
1791 2743 1807 2774 ,
1844 2702 2034 2782 inquit
2078 2701 2237 2761 Plato

57 2807 138 2891 (1
169 2806 554 2891 Alcibiade),
595 2807 656 2866 in
699 2827 828 2866 eum
871 2807 1060 2866 locum
1083 2852 1099 2881 ,
1143 2807 1204 2866 in
1255 2828 1372 2888 quo
1408 2806 1557 2866 inest
1612 2808 1793 2866 virtus
1838 2808 2067 2880 Animi,
2122 2808 2236 2867 Sa-

57 2915 315 2998 pientia.
345 2941 374 2968 n
419 2913 476 2972 Is
505 2913 664 2972 locus
697 2925 813 2986 est,
847 2913 1019 2974 Mens
1048 2913 1169 2972 sive
1201 2913 1369 2973 Ratio
1396 2935 1413 2972 ε
1440 2909 1701 2994 εἴφιωτὶ
1731 2913 1847 2974 illic
1879 2913 2233 2996 Sapientiam

58 3024 234 3095 vult,
267 3033 438 3101 atque
471 3019 718 3079 inveniri
752 3042 768 3076 ε
802 3019 1185 3101 Sapientiam,
1219 3017 1282 3077 id
1309 3029 1429 3090 est,
1455 3017 1766 3078 Virtutem.
1802 3017 1947 3076 Nam
1978 3018 2234 3078 animum

63 3131 173 3209 qui
208 3127 388 3188 adibit
427 3140 486 3186 et
526 3126 822 3200 consulet,
860 3125 1078 3185 videbit
1120 3135 1186 3183 et·
1219 3123 1399 3184 discet
1441 3149 1469 3178 a
1498 3123 1716 3205 aliquid
1748 3145 1809 3184 se
1834 3117 2049 3184 'habere
2080 3123 2237 3185 divi-

64 3257 248 3308 num,
281 3234 696 3315 ingeniumque
725 3233 784 3290 in
815 3251 877 3291 se
907 3227 1110 3303 suum,
1138 3230 1286 3289 sicut
1307 3229 1964 3310 simulacrum'aliquod,
1996 3229 2240 3290 dedica-

69 3351 201 3398 tum
231 3339 458 3421 putabit
487 3361 503 3397 ε
535 3351 810 3418 tantoque
849 3355 1087 3396 munere
1130 3334 1369 3395 deorum
1401 3357 1627 3417 semper
1658 3335 1897 3417 dignum
1932 3335 2153 3418 aliquid
2182 3352 2240 3398 et

75 3445 286 3518 faciet,
321 3457 380 3505 et
403 3445 630 3504 sentiet.
663 3469 690 3496 ι»
723 3440 902 3525 (Cic.)
927 3441 1130 3522 Itaque
1161 3441 1235 3500 ab
1263 3439 1371 3500 hac
1401 3441 1603 3500 notitia
1624 3485 1641 3515 ,
1687 3454 2047 3524 contemptus
2092 3445 2238 3504 ulia-

75 3573 212 3612 rum
241 3573 434 3612 rerum
457 3595 474 3626 ,
512 3551 807 3610 aestimatio
854 3551 1026 3608 unius
1067 3549 1313 3610 Virtutis
1357 3560 1627 3629 sequetur
1658 3571 1674 3606 =
1708 3548 1782 3608 ad
1822 3571 1995 3629 quam
2025 3549 2239 3610 factum

80 3681 144 3718 se
176 3661 316 3719 sciet
335 3703 352 3734 ,
381 3679 487 3741 per
505 3679 678 3738 quam
697 3657 931 3716 beatum
959 3676 1020 3714 se
1049 3653 1172 3714 fore
1198 3653 1499 3733 judicabit.
1533 3654 1799 3735 Denique
1828 3656 1903 3716 ad
1923 3656 2113 3716 Deum
2136 3680 2241 3738 per

79 3765 230 3825 hanc
263 3765 370 3824 ibit
398 3788 414 3823 z
444 3777 510 3825 ut
535 3762 776 3845 pulchre
806 3763 1115 3843 Agapenus
1146 3756 1263 3848 (Ad
1294 3758 1707 3841 Justinianum)
1743 3785 1760 3820 ε
1799 3789 1825 3816 «ι
1853 3763 2001 3822 Nam
2042 3763 2143 3842 qui
2178 3785 2241 3822 se

84 3873 280 3946 novit,
311 3871 502 3930 Deum
547 3881 744 3931 noscet
775 3892 790 3927 ε
823 3869 1012 3929 Deum
1047 3889 1290 3928 noscens
1308 3913 1326 3943 ‚
1362 3868 1486 3928 Deo
1520 3869 1923 3928 assimilabitur
1952 3891 1968 3928 ε
2007 3869 2243 3928 assimi-

87 3979 311 4052 labitur,
342 3977 444 4057 qui
483 3977 610 4036 Deo
641 3975 848 4060 dignus
879 3977 1018 4047 erit;
1045 3974 1254 4057 dignus
1283 3975 1391 4034 erit
1410 4019 1427 4048 ,
1460 3974 1559 4056 qui
1588 3975 1732 4035 nihil
1778 3975 1904 4035 Deo
1932 3975 2236 4058 indignum

92 4085 364 4159 admittit,
397 4083 500 4144 sed
528 4085 736 4166 cogitat
763 4104 887 4165 quae
916 4077 1027 4142 Dei
1051 4093 1220 4156 sunt,
1255 4093 1314 4140 et
1340 4103 1465 4162 quae
1488 4083 1697 4163 cogitat
1719 4081 1995 4163 loquitur,
2031 4096 2087 4143 et
2116 4105 2241 4165 quae
