2667 4475
445 316 936 395 PHYSIOL.
990 316 1733 399 STOICOR.‚L113.
1784 319 1929 387 ΙΙΙ.
2138 310 2269 391 65'5

101 465 198 521 sis
233 461 384 520 filius
409 505 426 535 ,
459 482 577 533 non
608 480 732 543 quae
760 459 888 521 Deo
917 459 1092 543 digna
1117 474 1251 521 sunt
1275 462 1597 544 cogitabis?
1626 462 1755 523 Hoc
1784 462 2058 531 faciamus
2082 509 2099 539 ,
2126 478 2183 525 et
2200 464 2277 527 ad

103 568 410 649 optimum
438 566 592 635 bunc
621 566 794 627 finem
821 588 938 629 non
968 568 1181 647 optime
1211 588 1439 649 semper
1468 568 1620 629 dicta
1642 569 1957 633 'vet-tamus.

787 795 1359 859 DISSERTATI
1383 798 1435 857 0
1494 798 1617 859 IX.

111 986 324 1065 Ipsum
359 987 546 1066 itaque
582 983 852 1045 Animum
887 986 1190 1046 (ethereum
1207 985 1407 1065 Ignem
1430 1008 1545 1047 esse
1564 1034 1579 1057 ,
1606 990 1781 1061 εὺῃιιΙ
1794 992 1967 1049 etiam
1985 990 2273 1070 Spiritum.

185 1188 298 1259 'Er
319 1202 565 1281 primam
584 1200 964 1275 Quaestionem
977 1204 1094 1283 jam
1115 1204 1499 1285 expunximus
1516 1248 1535 1277 ,
1570 1231 1599 1258 ιι
1626 1205 1801 1266 Unde
1827 1219 1975 1269 esset
2001 1233 2028 1259 »ι
2060 1186 2282 1269 {altera

116 1308 349 1388 excipit
373 1352 389 1383 ,
418 1334 445 1361 α
466 1307 664 1382 Qualis
693 1308 802 1367 sit?
823 1334 851 1362 ι»
885 1308 1169 1371 Difficilis.
1198 1309 1347 1371 Nam
1373 1336 1400 1365 «ι
1427 1310 1638 1371 habere
1670 1334 1775 1373 nos
1794 1313 2095 1386 Animum,
2118 1316 2283 1394 cujus

117 1415 376 1497 imperio
409 1428 467 1475 et
495 1416 866 1497 impellimur,
895 1430 953 1476 et
985 1439 1343 1491 revocamur,
1378 1440 1575 1479 omnes
1618 1419 1923 1480 fatebimur
1956 1445 1973 1479 ε
2004 1422 2161 1495 Quid
2184 1435 2284 1483 ta-

119 1521 268 1581 rhen
291 1521 341 1579 si
370 1523 610 1581 Animus
641 1522 738 1583 ille
762 1567 779 1595 ,
807 1536 992 1583 rector
1018 1523 1397 1605 dominusque
1419 1527 1597 1585 nostri
1617 1566 1635 1599 ,
1654 1548 1772 1585 non
1796 1528 1977 1609 magis
1997 1528 2101 1587 tibi
2122 1529 2285 1608 quis-

120 1650 308 1709 quam
339 1628 612 1709 expediet
633 1671 651 1703 ,
696 1652 870 1711 quam
910 1629 1026 1689 Ubi
1069 1631 1164 1689 sit.
1204 1658 1231 1683 ›·
1283 1634 1563 1691 Annaeum
1610 1645 1866 1693 nostrum
1906 1632 2071 1693 audis
2096 1632 2279 1716 (Nat.

120 1734 346 1808 Quaest.
391 1734 512 1795 VII
535 1778 551 1807 ,
583 1757 711 1816 cap.
749 1731 908 1817 24),
959 1736 1341 1817 ignorantiam
1383 1737 1747 1817 profitentem
1776 1738 1800 1797 ’ἓ
1845 1739 1995 1799 adde
2032 1742 2286 1803 Tullium

120 1838 198 1921 (Ι
235 1839 456 1923 Tuse.)
490 1864 506 1898 ε
541 1867 568 1894 «ι
589 1842 796 1901 Anima
824 1842 900 1899 sit
923 1841 1164 1901 Animus
1190 1886 1207 1915 ‚
1247 1843 1470 1925 ignisne
1492 1887 1508 1914 ‚
1540 1846 1735 1903 neseio
1760 1869 1776 1904 ε
1810 1868 1917 1906 nec
1950 1868 2045 1907 me
2064 1849 2244 1929 pudet
2264 1892 2282 1921 ,

121 1960 198 2006 ut
225 1949 364 2007 istos
388 1991 404 2020 ‚
431 1946 593 2007 fateri
629 1950 850 2007 nescire
869 1992 886 2021 ‚
913 1947 1071 2029 quod
1097 1950 1371 2009 nesciam.
1408 1976 1435 2003 »
1462 1948 1601 2010 Tale
1624 1950 1951 2013 Heraclitus
1974 1998 1991 2028 ‚
2019 1955 2080 2013 in
2102 1953 2287 2015 Laer—

125 2056 214 2114 tio
247 2076 263 2111 ε
313 2081 340 2109 «ι
370 2055 460 2114 De
487 2056 735 2130 Anima,
766 2055 1144 2115 omittendum
1168 2100 1184 2129 ,
1222 2058 1359 2137 quia
1388 2080 1561 2117 nemo
1596 2060 1846 2139 reperiet
1867 2104 1885 2133 ,
1912 2063 2133 2121 etiamsi
2154 2084 2289 2121 om·-

122 2182 271 2221 nem
308 2162 460 2221 viam
504 2163 658 2222 ineat
701 2186 718 2221 z
754 2162 898 2223 adeo
935 2160 1279 2245 profundam
1315 2184 1441 2222 eam
1480 2165 1759 2224 rationem
1802 2186 1947 2225 esse.
1978 2194 2007 2219 u
2055 2166 2107 2224 Ο
2145 2169 2290 2227 cali·-

126 2270 336 2353 ginem
365 2265 380 2327 !
413 2291 450 2327 o
473 2270 762 2329 miseriam
785 2268 801 2328 Ξ
831 2269 980 2329 illud
999 2314 1016 2344 ,
1041 2291 1156 2350 quo
1177 2281 1379 2330 caetera
1400 2255 1688 2330 noscimus
1711 2314 1728 2344 ,
1752 2273 1941 2352 ipsum
1972 2275 2280 2334 nescimus.

121 2375 291 2452 Quid
317 2387 510 2434 tamen
525 2375 729 2436 Stoicis
749 2377 935 2435 visum
964 2419 980 2447 ,
1001 2375 1318 2436 videamus.
1346 2374 1562 2434 Seneca
1586 2387 1779 2436 noster
1800 2376 2000 2438 delinit
2024 2377 2165 2461 (Ep.
2194 2377 2241 2462 1)
2264 2403 2281 2440 ε

131 2509 163 2536 «ι
192 2479 352 2554 Quid
371 2491 457 2539 est
471 2480 626 2539 aliud
648 2481 890 2540 Animus
916 2523 932 2554 ,
960 2501 1132 2562 quam
1155 2467 1577 2562 quodammodo
1600 2502 1661 2540 se
1696 2480 1913 2542 habens
1937 2483 2225 2565 Spiritus?
2254 2510 2283 2538 ιι

125 2585 304 2662 Quod
327 2583 524 2645 Graece
552 2583 726 2646 fuisse
747 2586 1011 2658 arbitror,
1035 2597 1236 2667 πνεῦμα
1253 2589 1312 2648 τὸ
1341 2589 1512 2648 ποιόν.
1538 2583 1644 2647 Est
1669 2585 1909 2668 Spin‘tus
1932 2613 1951 2649 .·
1980 2601 2039 2650 et
2072 2589 2287 2653 Latinis

129 2715 252 2753 vox
281 2692 389 2752 hoc
413 2693 652 2752 insonat
670 2735 687 2765 ,
709 2690 972 2764 Am'moe5
997 2695 1142 2775 παρὰ
1170 2696 1258 2756 τὸν
1285 2695 1473 2776 ἄνεμον
1496 2736 1517 2768 ,
1542 2693 1643 2776 qui
1662 2707 1866 2754 ventus
1894 2710 1983 2756 est
2009 2707 2068 2756 et
2093 2695 2282 2760 flatus.

135 2801 361 2859 Placuit
395 2798 748 2860 Tertulliano
785 2796 896 2859 hoc
939 2799 1093 2859 istud
1136 2823 1152 2857 =
1198 2811 1256 2859 et
1291 2827 1318 2854 ot
1346 2799 1565 2860 Stoicos
1588 2844 1605 2874 ,
1650 2803 1839 2883 inquit
1866 2789 1995 2885 (De
2028 2806 2236 2868 Anima
2264 2851 2282 2882 ‚

135 2928 268 2987 cap.
308 2903 431 2987 5),
463 2904 646 2989 allego
671 2949 688 2980 ,
731 2905 830 2988 qui
858 2905 1134 2987 Spiritum
1167 2905 1369 2965 dieunt
1402 2906 1669 2966 Animam
1694 2951 1712 2981 ,
1740 2929 1902 2988 paene
1930 2911 2227 2972 nobiscum
2262 2939 2282 2973 ε

137 3012 277 3102 quia
303 3013 564 3092 proxima
588 3023 724 3071 sunt
743 3010 908 3071 flatus
927 3023 984 3070 et
1009 3010 1273 3091 Spiritus.
1307 3038 1334 3064 »2
1374 3011 1522 3072 Nam
1561 3001 1941 3074 et'Christiani
1966 3037 1997 3075 e
2018 3015 2288 3078 Mosaicis

135 3120 298 3179 libris
325 3123 484 3184 πνοὴν
503 3161 522 3194 ,
549 3119 672 3178 sive
697 3117 970 3200 Spiritum
1007 3117 1294 3178 affirmant
1327 3144 1343 3178 ε
1378 3120 1483 3179 etsi
1514 3131 1719 3201 πνεῦμα
1752 3120 2103 3204 Augustinus
2130 3125 2289 3188 haud

139 3227 278 3287 velit
299 3270 316 3301 ,
353 3239 410 3288 et
449 3227 766 3309 distinguit.
801 3223 926 3307 (De
955 3225 1123 3284 Civit.
1157 3225 1326 3299 XIV,
1359 3248 1487 3306 cap.
1526 3223 1673 3308 24.)
1701 3225 1807 3286 Est
1826 3230 2001 3312 igitur
2020 3231 2285 3313 Spiritus,

139 3332 243 3393 sed
263 3333 412 3394 talis.
434 3332 632 3408 Qualis
651 3331 884 3392 autem?
906 3331 1114 3390 clarius
1137 3330 1242 3390 hoc
1269 3331 1424 3392 Zeno
1447 3345 1507 3392 et
1527 3331 1864 3394 Posidonius
1890 3379 1907 3410 ,
1930 3338 1989 3395 in
2008 3335 2240 3412 ‘Laertio
2263 3367 2281 3400 ε

145 3468 174 3496 «ι
208 3439 478 3521 Spiritum
502 3439 750 3498 calidum
773 3483 793 3514 ,
831 3459 956 3498 esse
982 3438 1268 3497 Animam.
1301 3463 1328 3491 ι»
1361 3437 1431 3497 In
1460 3438 1771 3500 Stoboeonis
1798 3465 1815 3500 ε
1848 3469 1877 3496 «ι
1905 3443 2289 3528 congenitum

141 3547 302 3608 nobis
327 3545 575 3605 calidum
601 3545 874 3626 Spiritum
899 3589 916 3618 ‚
949 3556 1186 3606 censent
1211 3547 1499 3606 Animam.
1527 3547 1713 3608 »Duo
1740 3551 1915 3632 igitur
1932 3553 1995 3613 in
2024 3577 2091 3616 ea
2108 3600 2125 3629 ‚
2152 3555 2285 3640 spi-

143 3657 280 3716 ritus
305 3699 322 3728 ,
355 3667 414 3714 et
459 3653 626 3713 Calor
661 3677 678 3712 =
709 3654 864 3735 quod
899 3657 1066 3716 etiam
1120 3654 1374 3715 Galenus
1410 3656 1583 3717 tradit
1610 3657 1831 3740 (Libro
1858 3705 1875 3736 ,
1914 3661 2072 3744 Quid
2104 3667 2293 3742 ‚aninn‘

144 3785 320 3824 mom
341 3771 648 3845 sequantw·
679 3763 924 3840 corporis
952 3760 1312 3844 temperiem)
1329 3807 1347 3838 ,
1382 3774 1440 3822 et
1470 3761 1671 3824 Stoicis
1689 3752 1818 3827 non·
1836 3771 1995 3830 aliud
2017 3771 2283 3834 Animam

146 3891 264 3930 esse
289 3875 460 3951 quam
489 3897 516 3924 «
546 3868 882 3950 temperiem
903 3909 922 3940 ,
956 3889 1133 3949 quum
1164 3871 1530 3951 proportione
1573 3885 1795 3932 constat
1823 3895 1988 3934 aerea
2027 3889 2085 3934 et
2112 3879 2279 3960 ignea

148 3977 471 4036 substantia.
506 4003 533 4030 n
587 3975 733 4035 Sane
762 3976 970 4052 Aerem
1005 3973 1085 4032 ibi
1114 3997 1234 4035 esse
1263 4021 1278 4048 ,
1315 3999 1405 4066 res
1432 3980 1501 4036 iis
1536 3977 1797 4052 dicebat,
1829 3980 1963 4060 quia
1996 3980 2147 4042 hunc
2179 4006 2285 4045 re-

148 4085 491 4164 ciprocamus
527 4085 777 4142 viventes
802 4125 818 4155 ‚
851 4094 908 4141 et
939 4081 1154 4162 absque
1193 4103 1259 4139 eo
1285 4104 1389 4141 nec
1422 4097 1506 4142 est
1535 4086 1669 4144 vita.
1706 4085 1907 4168 Itaque
1928 4087 2111 4148 Varro
2134 4090 2279 4152 defi..
