2667 4475
462 318 942 389 PanloL.
991 314 1497 391 s‘rolcoa.
1546 312 1739 393 Lm.
1790 316 1895 392 11.
2111 319 2243 423 607

111 464 304 524 Terrae
347 462 522 545 igitur
565 460 684 522 haec
721 458 967 544 dignitas
999 482 1018 521 ε
1053 474 1110 523 et
1151 460 1225 522 de
1272 460 1397 523 Situ
1424 462 1580 539 dixi,
1618 464 1680 523 in
1714 464 1907 526 medio
1942 483 2104 542 esse,
2145 468 2250 528 sed

111 568 424 652 pendulam
439 612 456 644 ,
497 580 556 629 et
584 569 645 628 in
678 588 741 628 se
777 567 1069 628 reductam
1096 591 1113 627 ε
1139 590 1254 651 quo
1281 570 1667 631 sustentante?
1694 570 1928 655 quidam
1956 575 2119 657 aquis
2144 596 2253 635 vo-

110 679 243 737 lunt
269 678 524 739 innatare
560 700 577 736 =
613 689 680 736 ut
707 676 916 737 Thales
933 719 951 750 ,
987 676 1062 736 de
1091 698 1206 757 quo
1233 677 1447 740 Seneca
1478 664 1714 763 (Quaest.
1748 680 1844 741 111
1865 726 1882 757 ,
1923 704 2053 764 cap.
2101 678 2247 767 17)=

115 810 144 839 α
173 785 312 860 Quae
346 786 602 868 sequitur
639 784 893 846 Thaletis
928 786 1126 867 inepta
1153 788 1429 847 sententia
1460 801 1548 849 est
1578 812 1596 849 ε
1628 790 1709 850 ait
1742 789 1897 851 enim
1917 834 1935 865 ,
1968 802 2253 851 terrarum

111 893 310 953 orbem
361 914 510 975 aqua
529 934 534 940 -
551 894 817 953 sustineri
833 937 852 968 ,
901 904 960 953 et
997 890 1132 952 vehi
1171 914 1330 953 more
1372 895 1585 977 navigii
1610 940 1627 970 ,
1666 896 2093 979 mobilitateque
2130 898 2253 977 ejus

111 998 388 1060 fluctuare
409 1042 426 1074 ,
461 1010 598 1059 tunc
642 1020 823 1081 quum
861 998 1070 1059 dicitur
1105 1010 1373 1059 tremere.
1396 1024 1423 1053 n
1464 998 1672 1062 Eidem
1702 1005 1909 1063 iterum
1940 1002 2049 1064 hoc
2092 1006 2255 1065 attri-

108 1105 240 1165 buit
276 1129 294 1164 =
334 1132 364 1161 a
391 1104 598 1165 Thales
627 1118 801 1165 totam
839 1118 1050 1165 terram
1090 1105 1345 1185 subjecto
1370 1104 1591 1185 judicat
1630 1106 1869 1169 humore
1904 1112 2117 1191 portari
2135 1154 2152 1185 ‚
2198 1123 2257 1171 et

107 1212 369 1273 innatare
395 1234 414 1271 ε
441 1214 561 1271 sive
585 1210 730 1272 illud
767 1210 1061 1271 Oceanum
1095 1232 1263 1272 voces
1280 1256 1297 1285 ,
1331 1212 1453 1271 sive
1487 1233 1643 1271 mare
1679 1234 1951 1295 magnum
1965 1257 1982 1289 ,
2010 1216 2129 1275 sive
2166 1216 2255 1275 al·-

107 1320 286 1378 terius
316 1330 528 1379 nanu-a
567 1318 885 1401 simplicem
920 1308 1146 1399 aquam.
1177 1344 1207 1373 »ι
1247 1316 1393 1379 Sunt
1426 1319 1527 1398 qui
1558 1338 1593 1376 e
1621 1316 1805 1379 Sacris
1834 1318 2253 1381 firmamentum

106 1439 308 1506 petant
327 1450 344 1487 ε
363 1428 498 1509 quia
520 1426 815 1485 Psalmista
840 1427 1066 1507 scripsit
1081 1450 1100 1483 ε
1126 1453 1154 1479 κ
1170 1426 1284 1501 Qui
1304 1422 1565 1483 fundavit
1580 1438 1787 1485 terram
1808 1446 1984 1507 super
2000 1449 2199 1509 aquas.
2222 1454 2250 1481 ι»

101 1530 218 1592 Sed
257 1530 318 1593 id
351 1534 646 1607 verissime
679 1530 751 1593 de
779 1532 924 1591 mari
952 1530 1182 1605 dicitur,
1210 1544 1276 1591 ut
1294 1530 1685 1591 Damascenus
1719 1532 1965 1615 explicat
1986 1531 2125 1613 (lib.
2154 1532 2249 1607 11,

102 1662 233 1721 cap.
275 1636 409 1723 ιο),
439 1638 697 1721 undique
733 1637 1097 1698 circumfuso.
1137 1637 1334 1699 Plures
1361 1637 1512 1698 Aere
1541 1637 1730 1698 fulciri
1756 1651 1814 1698 et
1845 1637 2023 1699 attolli
2044 1640 2253 1700 voluc—

99 1758 258 1807 runt.
291 1744 554 1807 Lucanus
577 1788 594 1821 ‚
641 1745 744 1805 lib.
782 1745 847 1818 I,
883 1742 966 1829 89
999 1768 1015 1802 ε

434 1910 615 1927 ......
639 1872 763 1927 dnm
777 1878 906 1925 terra
926 1871 1108 1924 fretum
1126 1908 1144 1937 ‚
1171 1880 1447 1943 terramque
1468 1870 1649 1923 levabit

424 1970 536 2017 Aet.

99 2072 350 2157 Magnus
368 2072 751 2155 Hippocrates
773 2066 954 2153 (libro
987 2067 1060 2128 de
1083 2066 1322 2151 Flatib.)
1346 2091 1364 2127 ε
1394 2095 1421 2123 α
1446 2068 1689 2150 Spiritus
1712 2066 1885 2128 Lunae
1904 2066 2251 2131 fundamen-

97 2194 254 2258 tum,
280 2194 336 2244 et
351 2194 510 2242 terrae
531 2180 859 2240 vehiculum
885 2204 913 2231 ι»
945 2176 1162 2238 Plinius
1187 2172 1319 2258 (11,
1346 2197 1473 2257 cap.
1495 2172 1565 2260 5)
1591 2200 1607 2234 ε
1639 2202 1667 2229 «
1687 2177 1897 2237 Aerem
1920 2198 2025 2258 per
2047 2190 2250 2264 cuncta

99 2312 298 2350 rerum
340 2289 642 2350 meabilem
659 2331 676 2361 ,
721 2301 953 2368 totoque
993 2285 1353 2356 confertum;
1389 2284 1557 2364 hujus
1592 2286 1653 2342 vi
1700 2305 2032 2366 suspensam
2053 2328 2072 2359 ,
2118 2307 2249 2344 cum

98 2409 306 2478 quarto
352 2415 629 2476 aquarum
673 2391 958 2452 elemento
977 2435 994 2465 ,
1038 2391 1236 2450 librari
1277 2389 1473 2449 medio
1514 2390 1697 2471 spatio
1750 2392 2033 2452 tellurem.
2061 2417 2089 2444 ›-
2137 2390 2252 2452 Sed

97 2502 240 2560 alibi
269 2499 424 2559 idem
454 2509 512 2558 et
538 2497 774 2558 alteram
794 2540 811 2571 ,
847 2497 1243 2579 verioremque
1277 2517 1505 2556 eausam
1526 2539 1543 2570 ‚
1576 2497 1760 2579 tangit
1787 2495 1970 2579 (ibid.
2007 2521 2061 2556 c.
2092 2497 2207 2580 70)
2229 2522 2247 2556 ε

103 2635 132 2660 ιι
157 2607 448 2667 Mirantur
472 2604 729 2686 pendere
759 2618 1002 2677 terram,
1033 2626 1100 2663 ac
1129 2626 1246 2664 non
1279 2602 1485 2664 cadere
1512 2605 1809 2666 nobiscum
1830 2647 1847 2678 ‚
1880 2625 1988 2665 ceu
2014 2581 2249 2687 spiritus

97 2714 219 2788 vis,
251 2711 468 2774 mundo
505 2714 816 2795 praesertim
845 2712 1050 2772 inclusi
1082 2710 1256 2770 dubia
1287 2712 1397 2782 sit;
1435 2722 1534 2772 aut
1566 2712 1745 2794 possit
1771 2689 1975 2775 cadere
1993 2755 2011 2788 ‚
2044 2724 2248 2772 natura

100 2833 488 2903 repugnante,
518 2832 608 2894 et,
644 2841 758 2902 quo
790 2818 987 2892 cadat,
1011 2832 1278 2902 negante.
1305 2845 1333 2870 υ
1360 2816 1488 2878 Hoc
1511 2819 1747 2901 optime.
1775 2819 1990 2880 Natura
2010 2832 2099 2880 est
2120 2839 2248 2899 quae

101 2940 414 3010 repugnat,
447 2939 508 2986 et
533 2927 714 3002 sistit,
747 2939 805 2987 et
831 2923 1068 2987 tendere
1092 2947 1220 2986 eam
1247 2925 1324 2986 ad
1352 2925 1543 2988 media
1570 2927 1659 2986 sui
1688 2926 1871 3006 jubet.
1905 2925 2215 2988 Admedia

868 3091 1052 3110 ......
1081 3058 1200 3126 quia
1218 3061 1352 3108 totus
1374 3057 1437 3107 ab
1453 3057 1537 3108 ina

428 3148 756 3202 Tantundem
774 3147 956 3218 refugit
971 3147 1181 3198 Mundus
1197 3183 1213 3210 ,
1237 3147 1449 3218 fecitque
1470 3146 1691 3198 cadendo

423 3241 654 3312 Undique
672 3244 712 3305 ²,
735 3259 798 3292 ne
816 3237 1012 3291 caderet
1027 3260 1044 3302 3
1066 3237 1288 3290 medium
1307 3242 1475 3302 totius,
1497 3247 1548 3290 et
1566 3241 1723 3292 imum
1740 3245 1813 3292 est
1832 3258 1847 3289 ι

105 3375 168 3421 ut
196 3363 488 3446 ingeniose
517 3361 793 3422 Manilius
826 3359 1054 3441 scripsit
1070 3401 1089 3434 ,
1123 3371 1181 3418 et
1208 3357 1369 3418 addit
1394 3355 1533 3440 (lib.
1568 3355 1637 3442 Ι)
1662 3381 1680 3417 x

435 3493 538 3542 Nec
558 3507 677 3544 vero
699 3490 792 3541 tibi
809 3491 996 3541 Natura
1015 3484 1300 3538 admiranda
1319 3485 1475 3538 videri

431 3579 690 3632 Pendentis
707 3587 842 3631 terrae
859 3579 1006 3630 debet
1025 3617 1041 3642 ,
1066 3596 1223 3648 quum
1240 3578 1453 3648 pendeat
1472 3578 1575 3648 ipse

432 3669 644 3722 Mundus
661 3707 677 3732 ‚
705 3678 756 3721 et
771 3672 826 3721 in
843 3671 984 3722 nullo
1005 3677 1158 3739 ponat
1179 3670 1383 3738 vestigia
1402 3667 1575 3720 fundo.

106 3792 180 3852 Vi
211 3793 382 3876 igitur
407 3813 511 3852 sua
534 3801 646 3852 stat
667 3803 728 3850 et
749 3801 962 3850 naturae
980 3832 999 3863 ,
1029 3789 1188 3849 nullo
1211 3790 1350 3850 nixa
1371 3813 1386 3861 ;
1413 3789 1567 3871 quod
1592 3788 1831 3871 pulchre
1852 3788 2061 3863 Jobus,
2086 3805 2245 3846 sacer

107 3914 259 3960 vates
287 3899 366 3982 (c.
401 3895 516 3982 26)
545 3922 564 3959 ε
603 3925 632 3956 οι
656 3898 771 3975 Qui
799 3910 1010 3986 terram
1042 3895 1305 3956 fundavit
1334 3919 1513 3980 super
1542 3897 1820 3974 nihilum,
1855 3895 1937 3960 ἣτ’
1961 3898 2181 3966 οὐδενός.
2206 3920 2234 3947 n

173 4083 896 4157 mmandiqminoeoedit,
920 4081 1461 4136 sicutineamimbrcs.
