2667 4475
428 324 924 397 PnrsloL.
973 324 1476 432 sTomon.
1530 328 1722 397 Lm.
1776 331 1930 398 111.
2118 333 2249 427 673

103 495 264 535 mam
303 493 418 555 qua
454 492 896 555 progeneramus
914 514 933 546 ‚
974 482 1230 535 octavam
1271 493 1385 553 qua
1416 494 1613 534 vocem
1644 474 1973 537 emittimus.
2008 484 2039 527 n·
2070 474 2255 558 Cogi-

97 578 270 643 tandi
313 578 488 639 verbo
529 579 592 638 in
635 580 898 661 λογιστικῆ
925 580 1104 641 utitur
1132 602 1152 638 ε
1186 580 1322 661 quia
1353 580 1583 661 proprie
1616 577 1833 639 Latinis
1868 578 2127 659 Cogitate
2174 596 2261 642 est

40 724 43 735 ι
101 688 280 769 plura
323 686 385 745 in
413 708 592 747 unum
622 706 828 769 cogere
859 698 917 746 et
959 685 1121 747 velut
1161 687 1487 747 ratiocinari
1520 710 1536 745 ε
1571 698 1631 745 et
1667 684 1943 767 cognatio
1962 733 1977 758 ‚
2018 690 2219 751 διάνοια
2237 734 2257 763 ,

101 816 230 855 non
257 792 442 853 solum
463 796 652 874 νόημα.
681 792 940 875 Amplius
958 837 975 868 ,
1013 819 1042 846 «ι
1063 792 1137 852 In
1166 792 1367 854 decem
1388 792 1544 875 apud
1563 794 1841 874 quosdam
1862 792 2198 857 Stoicorum.
2224 822 2253 849 ι»

38 954 40 961 .
102 901 270 976 Quos
311 901 486 962 credo
527 898 846 973 addidisse,
884 925 916 953 α
941 899 1149 961 Alendi
1190 912 1248 959 et
1288 898 1562 960 Movendi
1598 901 1738 961 vim.
1774 927 1801 953 ι·
1836 899 2103 985 Denique
2140 929 2169 957 οι
2196 905 2259 965 in

105 1007 258 1069 duas
285 1007 530 1089 amplius
568 1006 722 1088 apud
763 1005 1150 1069 Posidonium.
1181 1032 1210 1059 n
1241 1005 1379 1081 Quae
1408 1007 1525 1067 istae
1542 1049 1559 1081 ,
1598 1009 1791 1068 nescio
1824 1032 1841 1067 z
1874 1009 2132 1091 suspicor
2160 1022 2261 1071 ta-

99 1136 248 1179 men
293 1113 582 1175 addidisse
635 1140 664 1167 a
686 1113 1058 1188 Irascentem,
1094 1126 1152 1183 et
1181 1112 1691 1195 Concupiscentem
1722 1140 1773 1197 ”.
1794 1140 1811 1174 ε
1851 1128 2023 1197 atque
2056 1119 2135 1177 ita
2182 1117 2260 1177 ad

101 1242 248 1283 eum
269 1243 572 1285 numerum
595 1222 841 1281 venisse.
866 1221 935 1280 In
955 1219 1170 1283 Seneca
1190 1234 1385 1283 nostro
1406 1221 1611 1281 divisio
1625 1234 1711 1281 est
1730 1222 1875 1283 nulli
1892 1221 2095 1283 harum
2114 1244 2259 1283 con-

101 1350 258 1389 sona
276 1371 294 1402 ,
325 1326 430 1389 sed
455 1327 730 1388 miscella.
771 1326 862 1386 Ad
891 1324 1174 1387 Lucilium
1201 1348 1371 1387 suum
1413 1325 1635 1409 (Epist.
1680 1325 1839 1409 xcn)
1869 1352 1885 1385 z
1921 1354 1949 1383 α
1974 1328 2133 1390 Inter
2165 1350 2260 1389 me

103 1448 288 1517 teque
316 1436 618 1495 conveniat
637 1478 654 1509 ,
685 1435 746 1493 in
781 1434 991 1494 Animo
1021 1454 1146 1493 esse
1171 1445 1363 1515 partes
1396 1434 1683 1493 ministras
1703 1477 1720 1507 ‚
1752 1454 1859 1515 per
1884 1455 2025 1515 quas
2055 1433 2261 1494 Move-

103 1562 248 1603 mur
262 1584 281 1614 ‚
329 1540 665 1621 Alimurque
689 1584 707 1614 ,
752 1552 984 1622 propter
1029 1540 1218 1621 ipsum
1259 1538 1583 1621 Principale
1613 1541 1777 1599 nobis
1820 1540 2000 1600 datas.
2043 1539 2114 1599 In
2149 1540 2261 1599 hoe

103 1646 424 1727 Principali
453 1658 540 1706 est
565 1645 785 1727 aliquid
817 1645 1153 1706 Irrationale
1171 1687 1190 1719 ‚
1222 1657 1280 1705 et
1305 1645 1627 1707 Rationale.
1663 1646 1817 1705 Illud
1844 1646 1977 1706 huic
2002 1646 2195 1707 servit.
2227 1672 2257 1699 ιι

103 1750 196 1812 Et
226 1764 354 1841 post
379 1772 564 1833 pauca
596 1774 613 1810 ε
649 1778 678 1806 ιι
705 1751 1054 1813 Irrationalis
1079 1772 1211 1833 pars
1239 1751 1433 1811 Animi
1467 1750 1610 1811 duas
1643 1750 1817 1813 babet
1856 1764 2077 1833 partes;
2108 1752 2261 1813 alte-

105 1878 243 1917 ram
281 1858 594 1919 animosam
616 1901 634 1931 ,
671 1857 1024 1917 ambitiosam
1046 1900 1065 1930 ‚
1098 1858 1470 1939 impotentem
1484 1901 1501 1930 ,
1550 1858 1793 1939 positam
1826 1858 1887 1917 in
1927 1858 2262 1919 Affectioni-

103 1966 258 2035 bus3
287 1964 522 2025 alteram
549 1964 828 2025 humilem
847 2007 868 2037 ,
897 1962 1228 2047 languidam
1248 2008 1265 2037 ,
1305 1962 1711 2045 Voluptatibus
1746 1964 2019 2025 deditam.
2050 1992 2078 2019 n
2111 1955 2263 2027 Ecce

107 2083 338 2154 septem
385 2070 472 2130 bae
518 2083 652 2131 sint
680 2083 872 2153 partes
889 2114 908 2145 ,
953 2098 980 2124 «ι
1005 2070 1279 2132 Movendi
1297 2115 1313 2147 ,
1368 2069 1577 2131 Alendi
1594 2115 1610 2143 ,
1664 2070 2097 2140 Ratiocinandi;
2138 2084 2261 2132 tum
2350 2074 2355 2079 ’

106 2177 428 2240 Rationalis
447 2224 462 2250 ,
495 2177 844 2240 Irrationalis
865 2204 892 2230 ι·
919 2200 935 2237 =
965 2178 1282 2260 iterumque
1309 2177 1418 2237 sub
1438 2177 1543 2238 ista
1562 2222 1579 2252 ,
1608 2204 1636 2231 «ι
1665 2176 1956 2252 Irascens‚
1978 2178 2265 2258 Cupiens-

107 2307 254 2368 que.
279 2311 306 2340 ιι
340 2285 456 2346 Sed
485 2286 625 2367 quid
651 2287 729 2346 ita
757 2284 898 2346 duas
930 2299 1118 2365 partes
1147 2286 1437 2344 ministras
1476 2285 1734 2344 nominat
1752 2327 1769 2358 ‚
1810 2311 1838 2338 α
1862 2283 2137 2345 Movendi
2154 2328 2173 2358 ‚
2204 2297 2263 2344 et

105 2393 366 2456 Alendi?
393 2417 421 2444 ι»
453 2391 582 2450 Νοιι
616 2403 700 2452 est
727 2391 976 2450 Stoicum
1008 2415 1024 2448 ε
1071 2404 1241 2472 atque
1291 2390 1437 2450 adeo
1482 2392 1543 2450 in
1587 2401 1787 2450 octona
1835 2390 1933 2450 illa
1978 2391 2260 2451 divisione

105 2511 320 2561 neutra
345 2498 548 2558 harum
575 2495 778 2557 infera.
810 2496 922 2558 Sed
953 2497 1125 2557 credo
1153 2497 1294 2556 alios
1313 2542 1330 2572 ,
1368 2509 1433 2556 ut
1464 2497 1622 2579 tetigi
1645 2541 1663 2571 ,
1696 2495 1900 2556 fecisse
1924 2521 1941 2555 a
1967 2509 2025 2557 et
2045 2495 2262 2558 Seneca

104 2607 298 2668 obiter
323 2627 476 2666 nunc
493 2649 510 2681 ,
544 2617 602 2666 et
627 2617 693 2665 ut
727 2607 786 2664 in
822 2606 1145 2688 exemplum
1181 2605 1473 2678 nominat,
1506 2603 1630 2663 aliis
1650 2605 1893 2663 omissis.
1920 2603 2040 2663 Cur
2068 2617 2255 2664 autem

109 2713 290 2774 Stoici
320 2733 436 2772 non
463 2713 808 2772 inseruerint
825 2755 842 2784 ,
873 2723 1014 2792 puto
1045 2709 1254 2770 factum
1273 2753 1290 2784 ,
1333 2710 1490 2792 quod
1521 2707 1746 2770 Naturae
1784 2710 1917 2769 istas
1948 2723 2006 2769 et
2042 2709 2259 2770 viribus

101 2820 355 2880 Seminis
377 2820 704 2880 tribuebant
721 2864 737 2891 ,
769 2819 843 2878 ab
868 2819 1076 2878 Animo
1101 2818 1506 2900 abjungebant.
1540 2817 1822 2878 Mim‘stroe
1852 2831 2042 2877 autem
2068 2829 2259 2900 partes

111 2927 264 2986 bene
296 2927 354 2995 in
385 2927 552 2986 bonis
579 2927 740 2986 libris
776 2925 1130 2997 scribuntur,
1164 2945 1276 2984 non
1302 2927 1523 2998 misum
1546 2926 1681 3006 quia
1699 2968 1715 2999 ,
1740 2937 1805 2984 ut
1837 2925 1948 2997 ait,
1975 2925 2049 2984 ob
2072 2925 2259 3006 ipsum

116 3031 437 3114 Principale
465 3047 599 3094 sunt
635 3034 796 3094 datae.
838 3032 922 3092 Ita
955 3032 1127 3093 Stoici
1152 3076 1174 3112 ,Ι
1201 3031 1357 3114 apud
1386 3031 1666 3093 Stobaeum
1696 3057 1709 3091 =
1746 3059 1773 3085 α
1800 3031 2122 3113 Principale
2152 3033 2265 3092 im-

114 3141 371 3222 perantis
388 3142 514 3201 vice
546 3139 706 3224 fungi
723 3183 740 3215 ,
773 3140 1020 3221 reliquas
1055 3140 1116 3200 in
1147 3139 1391 3200 ministri
1417 3139 1544 3200 loco
1579 3159 1865 3221 quamque
1897 3138 2201 3198 ducebant.
2230 3165 2257 3192 n

115 3243 224 3305 Est
257 3246 467 3307 deinde
499 3247 558 3306 in
594 3248 808 3309 Seneca
826 3293 843 3323 ,
878 3248 1113 3307 alteram
1151 3258 1371 3328 partem
1420 3271 1447 3298 «ι
1474 3245 1879 3304 Affectionibus
1906 3243 2159 3330 dedjtam
2186 3272 2213 3298 ιο
2242 3270 2259 3304 z

116 3353 382 3437 intelligit
400 3357 460 3416 τό
483 3361 704 3436 &Optato-o
723 3399 740 3428 ,
769 3352 1101 3415 Am‘mosum
1121 3351 1266 3412 ilbzd
1278 3361 1334 3410 et
1350 3349 1639 3411 Im‘tabile
1656 3397 1669 3420 ,
1697 3349 1853 3431 quod
1881 3349 2045 3409 aliter
2065 3354 2125 3412 τὸ
2154 3377 2265 3413 πα-

115 3465 315 3528 θητικὸν
333 3505 350 3534 ,
383 3459 564 3520 Graeci
595 3461 792 3522 dicunt
810 3505 826 3536 ,
857 3462 918 3521 in
935 3458 1335 3544 affec-tiquibus
1350 3457 1593 3538 positum
1612 3504 1628 3526 ,
1657 3469 1722 3516 ut
1744 3468 1937 3516 noster
1960 3460 2257 3538 expressit.

117 3569 278 3628 Facit
323 3580 382 3628 et
426 3567 660 3626 alteram
693 3611 710 3641 ‚
762 3567 1153 3648 Voluptatibus
1178 3565 1429 3626 deditam
1458 3588 1477 3622 .-
1507 3567 1566 3626 τό
1601 3567 1961 3646 ἐπιθυμητικόν
1982 3607 1999 3638 ,
2050 3559 2267 3625 scilicet

114 3673 273 3756 quod
308 3671 710 3752 concupiscens
746 3673 1124 3732 nominamus.
1175 3671 1289 3731 Sed
1327 3683 1475 3730 notoe
1510 3672 1808 3752 utriusque
1846 3671 2007 3732 hellae
2040 3695 2062 3730 τ
2105 3693 2219 3730 una
2243 3716 2259 3743 ,

114 3781 306 3861 inquit
327 3825 344 3854 ,
386 3807 414 3836 α
439 3780 728 3853 animosa,
775 3781 1056 3860 impotens
1101 3793 1222 3850 est;
1253 3805 1280 3831 ι»
1326 3779 1502 3838 altera
1543 3805 1571 3832 ιι
1594 3777 1827 3838 humilis
1853 3824 1868 3850 ,
1910 3776 2202 3860 languida.
2230 3805 2259 3831 »v

115 3885 283 3948 Philo
311 3887 538 3948 Judaeus
565 3887 706 3946 scita
732 3885 980 3968 imagine
1009 3885 1116 3944 hoc
1150 3885 1413 3945 illustret.
1444 3913 1472 3939 «ι
1494 3883 1569 3946 In
1599 3885 1805 3946 Anima
1834 3897 2023 3944 nostra
2046 3881 2168 3966 (ait
2189 3883 2264 3945 de

115 3991 506 4079 Agricultura)
537 3980 688 4076 Equi
730 4006 861 4054 sunt
879 4037 896 4067 ‚
927 4006 984 4052 et
1021 3993 1232 4074 Auriga
1262 3993 1354 4052 vel
1382 3992 1722 4053 Adscensor.
1759 3991 1909 4074 Equi
1945 3991 2060 4052 duo
2078 4035 2093 4064 ‚
2126 3992 2263 4052 Ira-

113 4123 286 4164 scens
309 4114 364 4163 et
396 4103 818 4184 concupiscens
865 4124 880 4159 z
915 4100 1010 4160 ille
1029 4099 1185 4158 velut
1207 4121 1328 4158 mas
1350 4142 1366 4172 ‚
1403 4099 1519 4160 haec
1549 4099 1802 4160 soemina.
1844 4097 1950 4164 Ille
1984 4100 2263 4182 gestiens,

415 4215 536 4282 lv,
1879 4207 1971 4295 43
