2667 4475
444 356 572 447 572
1181 344 1486 419 ms‘rl
1524 346 1852 418 mrsu

437 498 758 570 verissime,
789 518 825 555 a
866 494 994 557 Deo
1035 508 1094 556 et
1119 494 1483 557 Providentia
1512 512 1657 553 esse.
1708 490 1929 555 Passim
1972 494 2056 553 ita
2092 517 2111 551 z
2154 492 2589 577 οιῦίιιζγὲίρρί,

438 603 593 685 apud
613 601 968 663 Lactantium
989 600 1114 684 (De
1137 600 1235 660 Ira
1245 601 1357 661 Dei
1376 644 1394 673 ,
1422 622 1548 683 αφ.
1580 621 1651 659 10
1665 597 1722 681 )‚
1748 612 2155 681 arg-ameum
2176 600 2449 661 validum
2468 623 2588 661 sane

436 722 635 770 exsut.
667 736 694 764 a
713 710 773 772 Si
791 710 933 792 quid
949 723 1036 770 est
1051 754 1068 783 ‚
1095 710 1280 791 inquit
1297 707 1651 791 Chrysippus
1662 751 1681 782 ,
1704 706 1862 789 quod
1878 708 2089 769 efficiat
2105 730 2179 769 ea
2194 752 2217 783 ,
2228 731 2373 791 qua
2390 709 2557 769 homo
2570 754 2585 775 ‚

431 817 565 877 licet
591 818 809 877 ratione
834 814 1102 899 praeditus
1119 859 1137 890 ‚
1173 818 1393 875 efficere
1422 836 1537 875 non
1569 815 1748 896 possit
1775 838 1792 886 ;
1820 813 1885 874 id
1910 812 2172 897 profecto
2218 828 2319 877 est
2364 818 2549 895 majus
2562 860 2579 885 ,

433 934 490 983 et
533 920 731 983 fortius
749 966 766 996 ‚
801 936 862 983 et
892 912 1204 1005 sapientius
1246 920 1500 983 homine.
1545 922 1739 983 Homo
1767 934 1959 983 autem
2002 944 2121 983 non
2162 935 2375 1004 potest
2410 923 2585 983 fam-e

433 1027 672 1087 caelestia
711 1050 728 1086 z
769 1047 906 1110 ergo
935 1026 1078 1087 illud
1101 1070 1122 1103 ,
1153 1028 1310 1110 quod
1342 1025 1460 1087 haec
1504 1030 1757 1089 eflbcerit
1774 1070 1791 1102 ,
1824 1041 2059 1110 superat
2084 1028 2397 1089 homin-
2424 1044 2541 1091 arte
2560 1074 2577 1101 ,

429 1133 664 1192 consilio
679 1176 696 1206 ,
717 1132 1024 1213 prudentia
1041 1176 1057 1207 ,
1083 1144 1380 1213 potestate.
1406 1130 1561 1209 Quid
1584 1134 1759 1216 igitur
1784 1146 1970 1215 potest
1992 1155 2117 1194 esse
2132 1177 2157 1207 ‚
2178 1135 2303 1193 nisi
2330 1134 2527 1195 Deus?
2552 1163 2573 1185 ·

427 1237 484 1297 N
483 1261 548 1299 ec
565 1240 886 1300 testimonia
900 1262 1142 1322 congero
1161 1242 1222 1301 iu
1243 1243 1523 1301 sententia
1542 1241 1839 1302 decanmta
1860 1264 1877 1299 ε
1900 1240 2045 1301 illud
2060 1239 2283 1302 addam
2302 1286 2323 1316 ,
2348 1242 2537 1324 Quare
2554 1292 2573 1309 ‚

432 1342 722 1425 Quomodo
743 1392 758 1415 ‚
803 1344 948 1417 Ubi,
989 1345 1230 1426 Quando
1249 1393 1264 1417 .
1307 1346 1553 1431 Qualem
1576 1346 1779 1407 fecerit
1807 1346 2003 1407 Deus?
2034 1345 2285 1421 Quare?
2313 1370 2423 1409 sm
2440 1394 2461 1425 ‚
2488 1351 2575 1407 in-

423 1452 661 1533 quiunt,
690 1464 748 1513 et
775 1452 1070 1513 hominum
1108 1476 1296 1514 causa.
1342 1456 1547 1537 Neque
1572 1456 1728 1516 enim
1764 1455 1911 1516 alius
1940 1456 1995 1515 ei
2030 1454 2168 1543 finis
2208 1454 2331 1514 fuit
2358 1498 2381 1531 ,
2414 1478 2573 1537 quan

428 1559 690 1637 potentiae
732 1570 791 1619 et
826 1559 1091 1619 bonitatis
1125 1560 1441 1643 designatio
1456 1602 1476 1637 ,
1511 1560 1572 1621 in
1612 1561 1863 1621 maximo
1894 1562 2235 1643 optimoque
2274 1582 2465 1643 opere
2498 1562 2569 1621 sit

423 1676 666 1725 ostensa.
701 1663 1032 1747 Cicero(II
1061 1666 1152 1725 De
1180 1666 1312 1727 Nat.
1350 1666 1565 1749 Deor.)
1606 1690 1624 1727 ε
1668 1693 1699 1722 α
1724 1666 1981 1741 Quorum
2020 1667 2203 1748 igitur
2240 1688 2425 1727 eausa
2452 1669 2569 1749 quis

426 1769 636 1831 dixerit
663 1774 924 1832 effectum
956 1794 1080 1833 esse
1119 1772 1407 1835 Mundum
1434 1773 1461 1832 ’ἓ
1492 1772 1705 1835 Eorum
1728 1774 1949 1833 scilicet
1982 1774 2379 1834 animantium
2402 1819 2421 1843 ‚
2456 1796 2569 1856 qua

422 1878 644 1936 ratione
671 1890 946 1951 utuntur3
975 1878 1036 1938 hi
1077 1893 1211 1941 sunt
1237 1881 1318 1941 dii
1360 1892 1419 1941 et
1448 1879 1706 1941 homines
1729 1923 1748 1956 ,
1776 1878 1995 1966 quibus¹
2012 1880 2274 1961 profecto
2310 1882 2463 1943 nihil
2492 1894 2567 1941 est

419 1982 644 2041 melius.
674 2008 702 2037 ιο
727 1981 806 2043 Et
841 1984 916 2045 de
942 1984 1118 2045 altera
1141 2008 1278 2046 sane
1308 2000 1470 2067 parte
1496 2028 1515 2063 ‚
1546 1988 1721 2047 nostri
1750 1987 2023 2049 Doctores
2052 1988 2435 2049 consentiunt
2462 2013 2479 2059 ς
2512 2002 2565 2047 nt

420 2086 742 2151 Lactantius
765 2088 892 2173 (De
919 2091 1012 2151 Ira
1023 2094 1135 2179 Dei
1159 2135 1176 2166 ,
1201 2114 1328 2175 cap.
1365 2091 1475 2175 13)
1504 2118 1521 2152 =
1554 2121 1581 2147 «
1608 2094 1763 2155 vera
1788 2107 1878 2154 est
1896 2096 2184 2155 sententia
2210 2093 2563 2163 Stoicum,

419 2197 519 2278 qui
563 2198 724 2259 aiunt
758 2210 956 2262 nostra
995 2220 1166 2260 causa
1198 2199 1485 2260 Mundum
1532 2220 1655 2262 esse
1694 2211 2101 2262 constructum.
2156 2199 2385 2262 Omnia
2420 2204 2563 2262 enim

319 2343 330 2357 ,
419 2304 626 2385 quibus
654 2318 872 2366 constat
892 2350 908 2380 ,
943 2327 1182 2388 quaeque
1213 2320 1449 2389 generat
1478 2329 1551 2368 ex
1582 2328 1646 2366 se
1674 2307 1929 2368 Mundus
1946 2351 1963 2380 ‚
2000 2306 2077 2366 ad
2100 2307 2419 2368 utilitatem
2454 2307 2563 2366 ho-

415 2411 586 2471 minis
609 2413 1032 2474 accommodata
1055 2425 1208 2473 sunt.
1235 2439 1264 2467 ιι
1289 2411 1370 2473 Et
1392 2412 1719 2496 singillatim
1740 2413 1821 2473 ibi
1844 2415 2175 2495 exsequitur
2200 2438 2221 2472 a
2248 2415 2417 2496 qnod
2436 2431 2559 2476 ante

416 2539 546 2577 eum
574 2519 775 2580 Cicero
810 2531 1104 2593 accurate,
1136 2520 1226 2580 De
1254 2518 1471 2580 Natura
1500 2519 1739 2580 deorum
1771 2518 1914 2602 (lib.
1948 2517 2067 2601 ΙΙ).
2108 2519 2323 2601 Neque
2350 2519 2559 2582 Seneca

414 2621 476 2683 id
505 2636 772 2708 negatum
795 2627 973 2686 voluit
999 2624 1188 2708 (haud
1208 2627 1286 2686 ita
1311 2627 1433 2686 veri
1456 2638 1516 2686 et
1535 2627 1782 2708 partium
1802 2622 2134 2708 transfuga)
2152 2647 2345 2706 quum
2372 2629 2555 2688 scribit

411 2729 512 2813 (Π
543 2731 630 2790 De
657 2731 753 2792 Ira
779 2753 907 2813 cap.
946 2731 1062 2814 27)
1089 2756 1106 2790 ε
1147 2759 1175 2786 α
1203 2731 1332 2792 Non
1366 2733 1521 2792 enim
1552 2753 1657 2792 nos
1688 2753 1858 2791 causa
1886 2730 2111 2791 Mundo
2140 2753 2351 2791 summ
2376 2777 2397 2807 ‚
2427 2730 2553 2792 hie-

411 2857 566 2895 mem
594 2847 956 2919 aestatemque
983 2836 1268 2899 referendi
1303 2859 1318 2896 ε
1356 2859 1486 2898 suas
1516 2839 1625 2897 ista
1650 2839 1805 2921 leges
1834 2837 2050 2898 habeut
2069 2880 2089 2909 ,
2122 2837 2342 2917 quibus
2366 2838 2549 2898 divim

411 2957 765 3004 exercentur.
795 2943 976 3003 Nimis
1002 2965 1104 3003 nos
1127 2944 1467 3026 suspicimus
1482 2987 1501 3020 ,
1532 2946 1579 3003 si
1606 2944 1764 3026 digni
1798 2944 1961 3004 nobis
1988 2943 2272 3016 videmur,
2320 2955 2549 3025 propter

285 3040 292 3049 ¹
409 3071 550 3131 quos
571 3064 725 3111 tanta
745 3063 1138 3112 moveantur.»
1163 3049 1349 3109 Immo
1367 3071 1503 3109 vero
1516 3095 1533 3120 ,
1552 3071 1589 3110 o
1606 3050 1757 3109 bone
1773 3093 1789 3124 ‚
1804 3055 2040 3133 propter
2056 3070 2163 3110 nos
2184 3051 2281 3109 vel
2300 3053 2547 3112 maxime

409 3159 516 3216 ista
535 3169 835 3218 moventur
871 3181 888 3216 =
927 3157 1028 3216 sed
1061 3179 1178 3216 non
1207 3157 1357 3215 solos
1394 3180 1411 3215 ε
1440 3169 1498 3215 et
1520 3156 1628 3215 hoc
1654 3157 1881 3216 voluisti
1919 3155 2157 3216 dictami.
2190 3155 2293 3216 Dii
2322 3177 2545 3241 quoqne

407 3262 498 3322 hic
540 3285 674 3323 suas
717 3276 904 3345 partes
947 3261 1178 3321 habent.
1231 3261 1432 3343 Itaque
1474 3258 1608 3322 alibi
1646 3263 1845 3322 scribis
1880 3261 2021 3344 (lib.
2055 3262 2142 3322 VI
2160 3305 2175 3336 ,
2212 3261 2305 3322 De
2344 3261 2538 3326 Baias.

403 3389 531 3448 cap.
567 3365 685 3447 23)
716 3391 732 3426 ε
780 3393 808 3421 «ι
835 3369 930 3427 Dii
956 3390 1074 3427 non
1117 3389 1224 3448 per
1270 3368 1677 3450 negligentiam
1707 3389 1812 3427 nos
1846 3388 2101 3450 genuere
2124 3413 2142 3442 ,
2172 3369 2391 3450 quibus
2436 3387 2537 3432 tam

401 3473 581 3532 multa
607 3486 941 3555 genuerant.
974 3473 1255 3557 Cogitavit
1283 3477 1439 3533 enim
1470 3497 1573 3534 nos
1613 3487 1744 3534 ante
1770 3474 1986 3534 Natura
2010 3497 2183 3556 quam
2205 3474 2370 3537 fecit.
2402 3505 2431 3532 a·
2458 3478 2537 3538 Ita

399 3593 507 3640 est.
536 3579 900 3641 Psovidontia
925 3579 1216 3643 hominem
1235 3624 1252 3655 ,
1286 3593 1343 3642 et
1374 3582 1645 3662 pleraque
1672 3583 1781 3642 ista
1808 3580 2026 3642 homini
2054 3580 2210 3641 fecit.
2242 3581 2361 3642 Sed
2388 3583 2535 3665 Quo-

399 3687 562 3746 modo
592 3687 728 3746 fecit
743 3729 761 3760 ‚
796 3700 855 3746 et
883 3709 1006 3768 quae
1035 3689 1371 3768 compositio
1398 3701 1499 3748 aut
1535 3688 1774 3770 digestio
1816 3689 1981 3748 molis
2008 3685 2179 3767 hujus
2210 3689 2363 3749 fnit?
2392 3691 2537 3752 zeno

394 3793 550 3874 apud
582 3791 868 3853 Laertium
906 3795 983 3852 ita
1029 3793 1219 3874 prodit
1255 3817 1270 3852 =
1322 3821 1351 3848 «
1378 3796 1565 3856 Deum
1611 3797 1671 3855 in
1706 3797 2023 3877 principio,
2056 3817 2237 3875 quum
2282 3798 2445 3878 apud
2478 3821 2535 3856 se

397 3909 545 3959 esset
567 3942 585 3973 ,
613 3895 932 3959 Essentiam
959 3919 1188 3959 omnem
1215 3921 1321 3981 per
1350 3922 1539 3961 aerem
1564 3903 1623 3961 in
1650 3922 1860 3983 aquam
1888 3903 2250 3962 convertisse.
2286 3901 2369 3964 Et
2396 3917 2461 3964 ut
2484 3907 2535 3963 in

397 4002 540 4062 foetu
563 4025 758 4064 semen
787 4005 1130 4080 continetur,
1173 4007 1253 4065 ita
1281 4007 1469 4067 Deum
1502 4009 1601 4090 qui
1637 4010 1925 4070 seminalis
1964 4007 2135 4069 Ratio
2162 4009 2377 4070 mindi
2410 4025 2495 4072 est
2516 4055 2531 4081 ‚

399 4109 514 4168 tale
558 4132 756 4173 semen
799 4112 1096 4194 reliquisse
1128 4113 1188 4172 in
1233 4111 1521 4190 Humido,
1569 4115 1722 4196 quod
1764 4115 1987 4179 facilem
2019 4127 2327 4197 aptamque
2380 4119 2533 4198 opu-i
