2667 4475
376 353 509 421 330
959 354 1039 420 L.
1092 348 1448 419 ANNAEI
1496 340 1934 421 SENECAE

373 480 754 551 naturalem
792 494 1045 549 motum
1069 530 1091 565 ,
1148 481 1352 549 etiam
1397 479 1812 573 probibente
1858 482 2096 554 dolore
2119 532 2140 567 ,
2181 486 2522 557 nitantur.

370 602 485 670 Sic
516 598 740 667 infans
762 646 785 685 ,
830 598 951 691 qni
988 613 1167 665 stare
1200 596 1569 665 meditatur
1593 613 1666 666 et
1709 598 1890 668 ferre
1925 624 2000 669 se
2025 604 2398 687 assuescit,
2433 608 2532 673 ai-

369 712 510 780 mul
546 725 809 779 tentare
844 711 1029 779 vires
1060 732 1214 777 suas
1248 710 1457 801 coepit
1477 758 1496 792 ,
1539 709 1765 799 cadit3
1805 728 1877 781 et
1908 736 2064 782 cum
2109 714 2280 783 fletu
2325 718 2526 787 toties

368 830 667 921 resurgit
691 877 712 912 ,
750 823 971 896 donec
1004 850 1075 895 se
1110 850 1240 919 per
1273 825 1577 896 dolorem
1605 826 1694 895 ad
1721 827 1795 896 id
1829 874 1849 911 ,
1895 828 2080 921 quod
2115 846 2366 899 natura
2391 856 2528 925 po-

368 943 531 1028 scit,
551 945 878 1013 exercuit.
911 942 1245 1012 Animalia
1266 940 1572 1035 quaedam
1601 945 1779 1039 tergi
1802 944 2140 1029 durioris,
2177 950 2198 985 ¹
2219 949 2517 1032 inversa,

365 1058 628 1129 tamdiu
655 1084 727 1129 se
759 1074 1084 1152 torquent
1102 1106 1124 1143 ,
1156 1080 1237 1126 ac
1268 1058 1482 1153 pedes
1511 1076 1834 1129 exserunt
1863 1076 1934 1129 et
1961 1062 2328 1155 obliquant
2347 1112 2371 1149 ,
2403 1065 2524 1133 do-

367 1198 499 1245 nec
514 1175 602 1245 ad
630 1176 853 1245 locum
878 1188 1323 1269 reponantur.
1355 1174 1632 1245 Nullum
1665 1193 2072 1246 tormentum
2102 1182 2318 1247 sentit
2343 1184 2524 1273 supi-

366 1303 527 1359 nata
556 1288 823 1358 testudo
858 1312 877 1357 t
908 1290 1215 1382 inquieta
1248 1304 1352 1357 est
1381 1304 1609 1357 tamen
1637 1287 1980 1359 desiderio
2016 1292 2361 1362 naturalis
2387 1310 2522 1363 sta-

365 1421 513 1492 tus3
546 1430 679 1475 nec
718 1420 878 1473 ante
918 1403 1171 1473 desinit
1208 1404 1387 1488 niti,
1425 1420 1710 1497 quatere
1749 1428 1826 1473 se
1845 1408 1902 1491 ²,
1946 1430 2154 1499 quam
2187 1408 2267 1476 in
2313 1410 2522 1505 pedes

364 1523 685 1591 constitit.
710 1522 907 1615 ”Ergo
941 1520 1257 1589 omnibus
1292 1520 1797 1591 constitutionis
1827 1544 1966 1590 suae
1999 1546 2239 1591 sensus
2275 1542 2384 1593 est
2405 1574 2426 1608 ‚
2459 1544 2524 1594 et

361 1638 525 1709 inde
558 1638 1015 1707 membrorum
1044 1652 1182 1706 tam
1218 1635 1537 1731 expedita
1565 1637 1874 1706 tractatio
1913 1661 1933 1705 t
1966 1661 2098 1707 nec
2125 1638 2353 1709 ullum
2383 1666 2523 1711 ma-

353 1756 470 1848 jus
503 1754 835 1823 indicium
859 1754 1192 1823 babemus
1216 1802 1237 1837 ,
1272 1775 1427 1821 cum
1457 1752 1589 1821 hac
1617 1751 1732 1821 illa
1757 1751 1848 1822 ad
1873 1753 2248 1823 vivendum
2279 1759 2522 1825 venire

364 1872 603 1939 notitia
628 1920 647 1955 ,
680 1892 884 1964 quam
910 1869 1099 1965 quod
1122 1870 1386 1939 nullum
1414 1870 1666 1939 animal
1692 1868 1784 1939 ad
1807 1893 2005 1939 usum
2039 1874 2145 1941 sui
2180 1872 2365 1942 rude
2392 1890 2516 1944 est.

468 2013 504 2050 «
543 1988 952 2055 Constitutio
972 1978 1029 2073 ³,
1060 1986 1286 2079 inquit
1309 2036 1331 2071 ‚
1371 2004 1474 2057 est
1495 2037 1519 2072 ,
1557 2003 1635 2054 ut
1668 2009 1788 2058 vos
1821 1986 2052 2056 dicitis
2077 2036 2098 2071 ,
2132 1988 2522 2083 principale

362 2104 619 2184 animi,
656 2102 953 2197 quodam
986 2102 1188 2199 modo
1220 2127 1294 2172 se
1326 2103 1588 2171 habens
1623 2127 1790 2198 erga
1826 2125 2100 2197 corpus.
2131 2131 2164 2168 a
2195 2106 2357 2174 Hoc
2389 2122 2522 2174 tam

360 2220 761 2314 perplexum
796 2234 867 2290 et
899 2218 1149 2289 subtile
1180 2269 1200 2302 ,
1246 2237 1317 2288 et
1357 2218 1552 2289 vobis
1601 2243 1878 2314 quoque
1919 2221 2036 2288 vix
2069 2220 2468 2290 enarrabile
2491 2273 2516 2306 ,

364 2335 701 2428 quomodo
725 2337 948 2407 infans
964 2334 1295 2430 intelligit
1308 2337 1342 2406 Ρ
1357 2335 1604 2407 Omnia
1619 2327 1938 2406 animalia
1958 2336 2324 2407 dialectica
2339 2339 2520 2407 nasci

363 2467 708 2544 oporteret
734 2501 758 2538 ,
804 2467 881 2520 ut
930 2451 1128 2521 istam
1170 2450 1604 2537 finitionem,
1639 2475 1904 2546 magnae
1943 2452 2125 2546 parti
2159 2452 2520 2522 hominum

362 2585 741 2661 togatorum
766 2563 793 2614 ⁴
826 2567 1215 2652 obscuram,
1252 2565 1664 2664 intelligant.
1693 2571 2070 2640 —Verum
2099 2584 2256 2638 erat
2274 2619 2295 2655 ,
2339 2565 2519 2664 quod

363 2683 653 2776 opponis
676 2731 697 2764 ‚
738 2684 796 2750 si
832 2707 962 2776 ego
1004 2684 1093 2753 ab
1128 2683 1540 2754 animalibus
1587 2686 2096 2754 constitutionis
2137 2687 2518 2758 finitionem

364 2791 657 2892 intelligi
695 2795 995 2866 dicerem
1019 2849 1039 2884 ,
1081 2823 1225 2867 non
1271 2799 1487 2894 ipsam
1531 2793 2158 2876 constitutionem⁵.
2217 2800 2516 2868 Facilius

362 2930 607 2982 natura
640 2913 1050 3010 intelligitur
1075 2966 1098 3001 ,
1140 2939 1348 3008 quam
1387 2929 1772 2983 enarratur.
1810 2915 2058 3006 Itaque
2089 2914 2323 2984 infans
2359 2914 2512 2996 ille,

360 3032 529 3126 quid
566 3033 653 3101 sit
686 3032 1076 3101 constitutio
1101 3081 1121 3116 ,
1162 3055 1301 3100 non
1328 3033 1560 3119 novit3
1595 3033 2150 3100 constitutionem
2179 3055 2381 3101 suam
2409 3053 2516 3100 no-

358 3151 459 3218 vit
494 3177 510 3216 :
555 3164 666 3232 et,
711 3149 883 3242 quid
914 3150 1002 3217 sit
1026 3147 1321 3232 animal,
1359 3148 1620 3234 nescit3
1677 3146 1930 3218 animal
1965 3171 2118 3218 esse
2153 3172 2233 3218 se
2285 3149 2520 3222 sentin

358 3431 617 3488 perperam
639 3430 682 3465 c.
715 3416 787 3468 R.
807 3414 880 3468 A.
905 3413 1146 3484 ‘Denique
1170 3423 1385 3485 sponta-
1484 3417 1628 3481 οτυς)
1650 3401 1885 3486 exprimit
1907 3413 2068 3467 animi
2092 3415 2202 3480 (τοῦ
2223 3417 2518 3484 ἡγεμονικοῦ)

356 3509 485 3545 neus
506 3501 681 3545 motus
704 3492 784 3544 ed.
804 3493 936 3545 Ven.
961 3503 1011 3544 et
1030 3510 1170 3564 seqq.
1194 3489 1358 3544 Schw.
1483 3492 1588 3545 vim
1606 3491 1669 3544 ad
1688 3511 1868 3565 corpus
1887 3509 1902 3544 :
1919 3495 1975 3545 τὶ
1993 3495 2268 3561 ἡγεμονικὸν
2289 3494 2516 3563 ἔχον-ιη

427 3591 470 3624 1.
495 3572 823 3624 Animalia...
848 3575 1070 3623 inversa.
1098 3572 1138 3623 1.
1160 3587 1275 3642 que
1301 3568 1386 3620 in·
1482 3574 1604 3642 πρὶς
1629 3573 1686 3623 τὶ
1711 3577 1841 3641 capa
1867 3569 1965 3624 ἔστι
2001 3573 2034 3629 ἦ
2061 3569 2306 3634 σύστασις.
2337 3571 2513 3625 Rnhk.

356 3651 565 3704 verteris
590 3649 646 3702 in
668 3663 865 3722 tergum
888 3667 904 3702 z
928 3648 1156 3722 exemplo
1178 3653 1253 3700 est
1274 3659 1385 3700 tes—-
1547 3651 1594 3715 4.
1616 3648 1954 3718 Togutomm,
1983 3651 2030 3702 1.
2063 3669 2108 3702 e.
2133 3651 2418 3721 primorum
2439 3651 2514 3703 ei-

357 3729 499 3783 tudo.
524 3725 708 3781 Ruhk.
1479 3728 1637 3781 vium.
1675 3729 1812 3781 Nam
1843 3727 1942 3781 hoe
1966 3727 2106 3800 ipso,
2138 3727 2280 3799 quod
2318 3737 2512 3798 togam

422 3829 469 3862 α.
492 3807 724 3882 Quam-e
746 3825 817 3862 se.
842 3807 921 3862 Et
939 3815 1152 3878 quatere
1172 3824 1229 3860 se
1242 3805 1382 3858 mal·
1481 3805 1605 3860 dicit
1621 3845 1636 3873 ,
1673 3809 1918 3860 hme‘oetoe
1971 3804 2110 3878 plebi
2161 3806 2394 3878 opponit.
2431 3804 2511 3856 nli

356 3886 476 3940 lem.
497 3885 662 3941 Sclm.
1483 3895 1650 3936 autem
1676 3883 1922 3956 primores
1951 3883 2200 3950 (fuerunt
2221 3885 2382 3951 tune)
2411 3884 2512 3936 fero

421 3964 470 4017 3.
488 3963 1172 4034 Constitutio...ae⁸nte!11'gant.
1194 3963 1386 4034 Epicn-
1485 3961 1637 4016 docti.
1663 3963 1812 4031 Lr'ps.

354 4060 557 4097 reorum
584 4055 657 4096 est
680 4039 943 4118 oppositio.
973 4042 1263 4096 Stoicorum
1289 4061 1386 4096 au-
1550 4042 1732 4096 5.Non
1751 4045 1930 4112 Ipsam
1946 4044 2372 4097 constemens
2395 4043 2508 4095 1⁶·ae-

356 4133 461 4175 tem
496 4120 727 4177 definitio
760 4120 1135 4176 constitutionis
1169 4121 1190 4188 (
1202 4123 1386 4175 συστά-
1481 4125 1632 4178 cilius
1653 4132 1885 4192 naum,
1915 4134 2008 4178 etc·
2038 4121 2126 4177 Sic
2148 4131 2281 4175 recte
2303 4140 2358 4172 ο.
2373 4139 2420 4173 e.
2438 4119 2510 4172 A.
