2667 4475
684 300 821 393 'Ex
875 325 1227 395 umus
1276 324 1740 395 SENEcAE.
2157 325 2290 417 393

127 460 350 531 alium
380 454 699 526 valetudo
735 483 751 523 ι
786 455 1004 525 haeret
1032 453 1149 527 hic
1169 503 1189 538 ,
1223 477 1360 547 quo
1389 478 1626 525 carere
1668 476 2018 549 nunquam
2060 470 2280 547 potes.

130 571 337 667 Quid
370 571 594 641 locum
636 569 942 639 abditum
978 568 1152 664 legis
1172 618 1191 652 ‚
1236 584 1307 638 et
1351 559 1648 639 arbitros
1683 569 2042 639 removes?
2085 569 2293 637 Putas

128 690 267 758 tibi
318 688 684 782 contigisse
701 737 721 771 ,
772 703 849 757 ut
901 685 1131 756 oculos
1182 688 1488 757 omnium
1533 686 1884 783 effugias?
1943 678 2282 754 Demens!

132 802 313 899 quid
354 804 484 873 tibi
526 804 807 898 prodest
856 826 996 873 non
1042 801 1301 877 habere
1347 804 1692 883 conscium
1714 852 1733 886 ,
1779 800 2074 895 ‘habenti
2123 822 2292 871 con-

129 919 554 990 scientiam?
586 944 619 983 >›

942 1062 1191 1134 Ejusdem
1205 1103 1223 1132 ‚
1248 1084 1358 1138 cap.
1378 1078 1496 1119 m.

210 1212 334 1282 ‘28
358 1263 375 1279 .
416 1211 693 1303 Quanto
728 1208 973 1279 melius
1009 1226 1078 1279 et
1100 1200 1337 1280 'verius
1368 1212 1680 1305 Seneca?
1720 1236 1752 1275 «
1786 1206 2098 1279 Vultisne
2127 1232 2248 1280 vos
2271 1261 2291 1293 ,

140 1327 414 1419 inquit,
448 1327 669 1396 Deum
690 1325 991 1419 cogitare
1014 1328 1336 1420 magnum
1361 1340 1430 1394 et
1448 1322 1795 1419 placidum
1811 1374 1830 1408 ‚
1858 1338 1926 1391 et
1952 1324 2298 1416 majestate

133 1438 288 1511 leni
322 1439 753 1509 verendum?
784 1442 1077 1509 amicum
1102 1492 1121 1523 ,
1186 1458 1256 1509 et
1301 1464 1573 1535 semper
1625 1441 1700 1509 in
1752 1440 2055 1533 proximo
2085 1440 2116 1506 Ρ
2156 1463 2300 1508 non

136 1556 723 1626 immolationibus
741 1607 764 1644 ‚
793 1573 863 1625 et
888 1557 1222 1649 sanguine
1247 1555 1461 1625 multo
1489 1554 1847 1624 colendum
1887 1582 1902 1623 ε
1930 1577 2084 1647 quae
2112 1555 2300 1623 enim

137 1696 223 1739 ex
278 1668 734 1747 trucidatione
780 1672 1286 1740 immerentium
1333 1669 1647 1765 voluptas
1699 1682 1803 1741 est
1831 1668 1864 1736 Ρ
1909 1666 2030 1759 sed
2073 1680 2302 1740 mente

138 1811 321 1882 pura
345 1838 364 1870 ‚
397 1787 580 1855 bono
614 1787 1041 1877 honestoque
1070 1786 1422 1887 proposito
1450 1787 1481 1854 Ρ
1505 1788 1658 1854 Non
1685 1782 1937 1878 templa
1965 1768 2111 1866 illi,
2146 1806 2307 1851 con-

144 1904 359 1997 gestis
388 1903 463 1970 iu
481 1902 916 1972 altitudinem
934 1902 1108 1971 saxis
1132 1901 1542 1972 exstruenda
1569 1917 1731 1975 sunt
1759 1926 1776 1971 z
1803 1886 1881 1979 'in
1903 1924 2025 1970 suo
2054 1900 2305 2003 cuique

144 2016 655 2096 consecrandus
694 2033 797 2097 est
830 2033 1133 2117 pectore.
1184 2042 1219 2083 >i

938 2228 943 2231 .
972 2180 1085 2235 Lib.
1111 2181 1243 2247 vn,
1268 2201 1377 2257 cap,
1399 2197 1484 2235 xv.

244 2351 367 2419 29.
388 2329 542 2396 Non
576 2327 817 2396 inscite
836 2327 1097 2396 Seneca
1114 2337 1132 2372 ¹
1168 2327 1492 2394 Romanae
1517 2324 1715 2394 urbis
1741 2339 2051 2419 tempora
2073 2322 2308 2393 distri-

141 2446 296 2514 buit
322 2446 396 2512 in
432 2459 685 2512 aetates.
736 2470 771 2509 t<
801 2443 1096 2512 Primam
1131 2443 1315 2510 enim
1356 2440 1529 2508 dixit
1571 2441 1930 2510 infantiam
1973 2441 2102 2510 sub
2139 2447 2308 2536 re'ge

140 2561 434 2644 Romulo
461 2561 693 2645 fuisse,
718 2585 759 2629 a
778 2583 917 2652 quo
936 2574 1004 2627 et
1024 2558 1281 2652 genita,
1308 2571 1380 2624 et
1398 2558 1598 2649 quasi
1625 2555 1912 2626 educata
1937 2559 2027 2627 sit
2043 2559 2260 2626 Roma
2274 2585 2302 2626 ·:

143 2675 403 2746 deinde
436 2677 800 2770 pueritiam
830 2673 958 2749 suh
993 2673 1258 2769 caeteris
1292 2672 1578 2765 regibus
1603 2721 1622 2758 ‚
1663 2697 1704 2742 a
1737 2674 1990 2767 quibus
2016 2689 2086 2743 et
2112 2690 2313 2745 aucta

144 2795 232 2863 sit
253 2843 274 2878 ,
303 2808 376 2861 et
405 2790 790 2888 disciplinis
806 2789 1121 2892 pluribus
1142 2839 1161 2872 ,
1187 2789 1656 2885 institutisque
1680 2789 1968 2862 formata
2001 2817 2017 2858 :
2050 2807 2121 2860 at
2146 2816 2311 2862 vero

144 2907 533 3001 Tarquinio
555 2922 890 3002 regnante
913 2930 1125 3000 quum
1144 2905 1289 3000 Jam
1314 2907 1508 2999 quasi
1534 2905 1765 2975 adulta
1792 2931 1939 2976 esse
1967 2910 2304 3003 coepisset,

144 3024 500 3093 servitium
523 3047 663 3120 non
684 3024 946 3107 tulisse,
974 3037 1069 3107 et,
1092 3023 1347 3124 rejecto
1371 3022 1684 3117 superbae
1712 3022 2192 3100 dominationis
2200 3024 2310 3118 ju-

148 3163 233 3232 go
258 3189 277 3222 ,
308 3137 623 3207 maluisse
645 3138 915 3232 legibus
934 3137 1408 3231 obtemperare
1429 3187 1447 3221 ,
1481 3160 1687 3230 quam
1705 3138 1988 3239 regibus
2018 3165 2034 3205 ε
2062 3163 2312 3234 quum·
2429 3191 2433 3201 .

146 3277 281 3343 que
329 3269 505 3320 esset
543 3249 1003 3320 adolescentia
1040 3251 1187 3345 ojus
1232 3251 1372 3319 fine
1413 3251 1669 3321 Punici
1713 3250 1881 3322 belli
1912 3252 2308 3340 terminata,

146 3385 291 3438 tum
349 3366 651 3461 denique
709 3368 1129 3443 confirmatis
1175 3367 1440 3437 viribus
1509 3369 1791 3461 coepisse
1832 3369 2308 3466 juvenescere.

150 3485 433 3563 Sublata
466 3487 649 3568 enim
692 3485 1113 3580 Carthagine
1148 3536 1169 3570 ‚
1217 3509 1370 3578 quae
1417 3500 1554 3554 tam
1591 3484 1715 3555 diu
1759 3485 2000 3556 aemula
2034 3490 2317 3584 Imperii

154 3593 283 3670 fuit
300 3651 323 3684 ,
354 3625 595 3670 manus
614 3624 767 3670 suas
792 3603 867 3669 in
898 3617 1113 3670 totum
1139 3601 1373 3670 orbem
1401 3617 1586 3670 terra
1609 3603 1923 3696 marique
1949 3607 2257 3701 porrexit
2294 3633 2312 3674 ε

154 3715 375 3792 donec
418 3718 700 3814 regibus
746 3720 1013 3788 cunctis
1061 3734 1132 3788 et
1188 3717 1585 3788 nationibus
1643 3720 1944 3815 Imperio
1989 3722 2324 3817 subjuga-

234 3955 283 3990 ι.
314 3935 440 3989 Non
475 3939 651 4004 inscite
691 3935 903 3992 Seneca.
942 3937 1065 3993 Haec
1118 3937 1183 3992 ad
1281 3951 1456 3992 mento
1480 3939 1646 3993 suisse-
1669 3941 1795 3994 Non
1820 3953 1941 4015 puto
1971 3940 2072 3995 huc
2102 3943 2267 3996 succro
2299 3982 2316 4012 ,

157 4011 319 4080 flori
350 4013 655 4082 historiam,
692 4035 807 4087 quae
834 4028 1019 4079 exstat,
1045 4013 1185 4070 refe-
1282 4029 1333 4071 et
1366 4035 1447 4071 res
1473 4017 1696 4090 inspecta
1737 4017 1870 4071 dicet
1910 4037 1925 4074 ς
1954 4017 2076 4090 quia
2121 4017 2222 4072 alia
2265 4019 2322 4072 in

159 4105 278 4158 runt
294 4132 310 4162 ‚
340 4104 391 4147 ct
419 4093 673 4168 colligunt
702 4092 954 4178 §caecam
980 4114 1184 4166 cogno-
1282 4094 1444 4148 Floro
1471 4095 1680 4164 divisio,
1700 4094 1915 4167 aliisque
1931 4093 2123 4151 finibus
2146 4109 2316 4164 states
