2667 4475
447 314 936 383 PHYSIOL.
989 312 1495 415 STOICOR.
1548 316 1744 385 LIB.
1796 315 1903 383 11.
2118 319 2253 385 625

69 458 284 517 omnis
312 456 570 517 Mundus
599 457 934 537 ignescet-et.
967 480 997 507 υ
1030 455 1291 536 Itemque
1320 456 1539 517 Stobaeo
1568 478 1584 514 ε
1622 483 1651 509 οι
1682 456 1961 518 Panaetius
1992 458 2271 539 probabi-

68 564 296 621 liorem
319 574 512 622 censet
528 606 546 635 ,
571 574 726 621 certe
749 561 856 621 sibi
879 562 1062 643 magis
1079 546 1378 643 probatam
1397 604 1415 637 ,
1440 560 1837 623 AEternitatem
1862 564 2063 625 mundi
2087 588 2261 645 quam

72 670 222 747 ejus
246 670 307 727 in
331 669 524 749 ignem
549 668 1070 727 commutationem.
1101 694 1129 719 ιι
1164 667 1327 727 Idem
1350 670 1411 727 in
1437 667 1663 729 Laertio
1688 668 1885 729 Graeeo
1903 714 1921 745 ,
1952 672 2061 731 etsi
2090 674 2255 732 aliter

73 790 142 835 et
192 776 482 835 contrario
515 775 588 834 ab
629 776 943 855 interprete
975 794 1224 834 versum.
1270 772 1414 834 Erat
1452 787 1645 836 autem
1674 777 1733 835 in
1764 777 2015 837 Minutio
2046 800 2218 859 supra
2242 824 2261 853 ‚

75 885 268 943 etiam
305 881 605 963 Epicureis
645 881 800 941 hunc
845 901 1076 941 sensum
1117 901 1277 950 esse3
1327 881 1485 961 quod
1524 904 1725 942 verum
1779 895 1866 942 est
1904 907 1921 942 ε
1970 896 2029 943 et
2054 897 2266 966 putant

69 990 348 1050 Mundus
379 989 632 1071 singulos
664 987 913 1070 (infiniti
943 988 1011 1046 iis
1037 984 1202 1067 sunt)
1227 998 1292 1045 ut
1315 988 1529 1047 animal
1556 988 1846 1068 quoddam
1879 1012 2003 1051 esse
2020 1034 2037 1066 ,
2071 1004 2129 1051 et
2154 1014 2265 1051 va-

71 1100 188 1157 riis
223 1097 542 1156 rationibus
576 1096 832 1155 interire.
869 1094 986 1154 Sed
1013 1093 1320 1153 discrimen
1357 1094 1529 1154 etiam
1555 1096 1849 1175 ponebant
1866 1141 1885 1169 ,
1916 1098 2095 1179 plane
2126 1122 2261 1161 cum

71 1205 300 1264 Stoicis
322 1246 339 1276 ‚
371 1203 476 1262 etsi
506 1203 632 1260 aliis
658 1202 850 1260 verbis
877 1200 1173 1261 Summam
1215 1201 1481 1275 interire,
1526 1202 1821 1262 Summam
1862 1226 2210 1267 summat-mn
2236 1249 2255 1280 ‚

76 1330 332 1369 manere
359 1321 647 1369 aeternam.
683 1307 755 1367 Id
783 1320 903 1382 est,
951 1310 1286 1390 διακόσμησιν
1306 1352 1323 1382 ,
1358 1310 1480 1368 sive
1512 1307 1799 1368 Mundum
1830 1308 1985 1369 hunc
2013 1311 2167 1385 labi,
2204 1324 2263 1373 at

77 1442 212 1477 non
240 1421 431 1500 κοσμόν
449 1462 464 1491 ,
498 1412 618 1476 sive
647 1418 930 1497 principia
957 1438 1150 1475 rerum
1171 1458 1187 1489 ‚
1209 1414 1449 1479 Atomas
1479 1427 1537 1475 et
1555 1415 1763 1476 Inane.
1794 1416 1923 1475 Hoc
1954 1417 2263 1479 discrimen

77 1526 377 1583 sermonis
402 1525 464 1581 in
490 1520 756 1581 Lucretio
784 1502 1080 1603 aliquoties
1109 1523 1357 1581 occurrit
1373 1566 1389 1595 ,
1422 1544 1529 1581 nec
1556 1523 1691 1582 satis
1719 1524 2129 1604 interpretibus
2150 1525 2269 1583 ob-

79 1642 406 1692 servatum.
445 1630 534 1689 Dc
565 1630 798 1689 interitu
827 1641 1019 1690 autem
1041 1674 1057 1704 ,
1091 1628 1389 1689 Lucretius
1418 1632 1437 1705 (
1461 1628 1565 1689 lib.
1601 1628 1700 1710 11)
1727 1652 1743 1689 ε

427 1761 510 1815 Sic
535 1766 683 1831 igitur
711 1764 875 1830 magni
895 1780 1094 1831 quoque
1116 1764 1306 1813 circum
1321 1764 1505 1813 moenia
1528 1756 1699 1813 Mundi

428 1858 722 1923 Expugnata
743 1852 932 1905 dabunt
955 1854 1116 1903 labem
1138 1891 1154 1915 ,
1179 1860 1447 1923 putresque
1471 1856 1652 1905 ruinas.

83 1984 174 2044 Et
209 2007 282 2043 ex
318 1984 575 2067 professo
612 1984 759 2043 libro
802 1984 1004 2065 quinto
1048 1995 1217 2064 poeta
1257 1981 1319 2042 id
1364 1983 1589 2065 probat.
1634 1986 1785 2045 Ante
1826 1999 2019 2047 autem
2064 2009 2266 2048 omnes

84 2093 233 2150 istos
258 2135 274 2164 ‚
325 2086 653 2151 Heraclitus
703 2091 768 2151 id
809 2090 1004 2150 docuit
1035 2114 1050 2148 ε
1086 2116 1113 2144 ιι
1137 2090 1332 2149 Unum
1374 2112 1496 2149 esse
1525 2091 1813 2151 Mundum
1839 2135 1856 2166 ,
1898 2115 2147 2175 eumque
2190 2116 2263 2153 cx

85 2200 232 2281 igne
281 2192 496 2257 sactum
526 2202 584 2257 et
618 2218 813 2258 rursus
844 2198 904 2257 in
933 2198 1127 2281 ignem
1159 2196 1500 2256 vertendum
1534 2209 1665 2276 post
1698 2198 1915 2278 aliquot
1947 2198 2219 2279 periodos
2246 2223 2261 2265 ;

85 2305 274 2384 idque
305 2325 411 2384 per
439 2306 626 2376 vices,
660 2305 719 2361 in
751 2326 920 2364 omne
947 2327 1128 2363 aevum
1159 2305 1237 2362 ita
1267 2301 1588 2361 futurum.»
1622 2301 1651 2383 (
1665 2299 1953 2362 Laert.'in
1988 2301 2263 2386 Heracl.)

85 2411 242 2470 Sunt
271 2429 542 2489 germana
569 2407 756 2466 Stoica
775 2451 790 2480 ,
819 2419 876 2467 et
903 2409 1012 2489 ipsi
1035 2419 1325 2466 auctorem
1349 2403 1511 2465 illum
1536 2405 1643 2466 sibi
1670 2407 2002 2468 inscribant.
2033 2409 2221 2468 Finivi
2238 2454 2273 2495 ,-

85 2517 207 2578 nisi
240 2515 429 2596 placet
449 2525 752 2586 annotare,
785 2511 1061 2593 quosdam
1084 2491 1537 2572 Christianorum
1567 2513 1737 2572 nimis
1766 2517 1939 2574 etiam
1966 2514 2059 2574 hic
2086 2513 2263 2575 fuisse

91 2624 319 2684 Stoicos
349 2632 406 2680 et
435 2620 718 2680 assiduam
747 2619 896 2679 hanc
925 2620 1282 2680 exustionem
1311 2621 1857 2701 renovationemque
1886 2622 2254 2704 approbasse.

89 2731 376 2812 Origenes
405 2727 557 2788 inter
585 2749 680 2787 eos
701 2772 717 2801 ,
751 2728 851 2808 qui
873 2770 889 2801 ‚
919 2739 985 2786 ut
1013 2728 1094 2786 ait
1117 2725 1509 2808 Hieronymus
1534 2725 1749 2809 (Epist.
1776 2725 1907 2805 Lx),
1948 2755 1976 2782 «ι
2002 2727 2259 2789 Mundos

95 2857 223 2895 esse
271 2833 716 2893 innumerabiles
762 2832 1090 2906 asserebat,
1121 2854 1236 2891 non
1265 2831 1429 2911 juxta
1472 2830 1791 2912 Epicurum
1833 2855 1951 2893 uno
1994 2845 2255 2916 tempore

95 2943 376 3024 plurimos
401 2986 418 3016 ‚
464 2953 522 3000 et
566 2941 653 3000 s'ui
688 2940 935 3011 similes3
973 2939 1077 2999 sed
1111 2943 1242 3020 post
1273 2938 1504 2998 alterius
1548 2937 1757 2998 Mundi
1806 2938 1979 2998 finem
2022 2939 2257 2998 alterius

99 3069 226 3106 esse
256 3047 624 3128 principium.
660 3043 736 3104 Et
762 3059 892 3105 ante
912 3043 1068 3104 hunc
1088 3057 1345 3105 nostrum
1367 3089 1384 3119 ‚
1412 3044 1587 3104 alium
1616 3044 1824 3120 fuisse,
1859 3045 2151 3127 aliumque
2176 3069 2193 3105 z
2222 3071 2251 3099 n

99 3175 226 3233 quae
257 3153 390 3212 talia
415 3151 660 3212 Basilius
691 3153 862 3212 etiam
889 3151 1024 3212 alibi
1052 3153 1106 3211 ei
1131 3152 1382 3231 objectat
1408 3150 1665 3234 (Homil.
1700 3151 1787 3212 IV
1810 3150 2150 3235 Hexacm.).
2264 3158 2270 3165 '

690 3376 1337 3444 DISSERTATIO
1400 3373 1673 3442 XXIV.

115 3549 198 3610 De
221 3547 490 3629 Tempore
514 3551 818 3624 adteoeuoe5
844 3529 1058 3633 quidet
1080 3571 1250 3633 quam
1275 3551 1465 3619 breve.
1500 3559 1604 3608 aut
1630 3548 1802 3618 nihil,
1829 3549 1941 3608 sit.-
1960 3549 2251 3609 tenendum

817 3658 1042 3728 utiliter,
1077 3667 1136 3718 et
1157 3656 1537 3719 asserendum.

187 3845 374 3912 Hmzs
404 3853 678 3934 pleraque
694 3895 712 3924 ,
742 3853 822 3912 mi
842 3851 1106 3924 Auditor,
1132 3873 1255 3933 quae
1277 3852 1654 3913 communiter
1673 3851 1746 3912 ad
1767 3852 2051 3912 Mundum
2072 3872 2088 3908 ε
2115 3871 2247 3909 nam

112 3958 184 4018 ad
215 3960 429 4018 minora
458 3971 558 4018 aut
586 3960 794 4041 partita
832 3979 950 4017 non
997 3959 1168 4018 imus.
1217 3957 1353 4018 Tria
1389 3971 1581 4018 tamen
1612 3959 1781 4018 etiam
1812 3956 2162 4017 considerari
2188 3957 2253 4016 in

117 4085 182 4122 eo
208 4064 417 4139 solent,
448 4063 662 4134 Motus.
701 4061 900 4135 Locus,
942 4061 1206 4142 Tempus.
1243 4062 1314 4122 In
1343 4062 1563 4124 duobus
1584 4062 1871 4145 prioribus
1892 4063 1991 4122 vix
2016 4074 2135 4138 est,
2162 4075 2261 4123 aut

299 4176 417 4244 Ν.
1854 4171 1951 4257 4ο
