2667 4475
345 252 476 346 276

909 252 988 316 L.
1041 245 1401 317 ANNAEI
1453 244 1882 315 SENECAE

340 379 726 449 humanitas
775 376 1031 445 bonum
1054 426 1073 459 ‚
1126 373 1559 469 splendorem
1608 374 1710 443 illi
1762 398 1958 443 suum
2002 374 2481 459 affunderent!

255 504 289 566 4
338 500 515 564 Tum
540 490 1006 587 providentia,
1039 507 1184 561 tum
1213 491 1589 584 elegantia,
1624 506 1695 559 et
1728 514 1811 559 ex
1842 492 1993 559 istis
2032 494 2496 584 magnanimi-—

338 628 438 679 tas
459 610 1023 693 eminentissima,
1051 624 1379 700 quantum
1398 658 1415 691 ‚
1441 608 1555 677 Dii
1576 607 1777 691 boni,
1809 608 2076 675 decoris
2094 608 2197 675 illi
2216 658 2237 691 ‚
2272 632 2501 699 quan-

337 745 480 796 tum
516 726 841 821 ponderis
880 727 1370 818 gravitatisque
1408 721 1777 793 adderent!
1824 740 2079 816 quanta
2116 739 2297 792 esset
2332 748 2497 792 cum

339 845 558 937 gratia
589 839 992 912 auctoritas!
1025 844 1239 910 Nemo
1272 841 1455 910 illam
1480 853 1499 886 ¹
1528 841 1888 911 amabilem
1910 888 1931 925 ,
1966 842 2087 933 qui
2118 863 2261 908 non
2289 839 2497 907 simul

335 957 799 1027 venerabilem
820 1008 840 1041 ,
879 956 1168 1025 diceret.
1207 958 1279 1025 Si
1309 957 1463 1049 quis
1491 956 1744 1024 viderit
1768 958 1951 1025 hanc
1974 957 2212 1025 faciem
2232 1006 2252 1039 ,
2291 955 2505 1024 altio-

337 1094 480 1137 rem
503 1069 1119 1162 fulgentioremque
1139 1093 1339 1161 quam
1363 1070 1552 1137 cerni
1576 1072 1759 1137 inter
1780 1070 2077 1137 humana
2099 1071 2499 1155 consuevit3

338 1210 608 1269 nonne,
668 1186 857 1254 velut
906 1188 1206 1254 numinis
1245 1209 1572 1267 occursu,
1626 1185 2135 1278 obstupefactus
2178 1186 2497 1267 resistat,

255 1347 268 1360 -
338 1317 441 1387 et,
488 1318 562 1369 ut
595 1302 694 1369 fas
723 1304 814 1371 sit
843 1301 1142 1371 vidisse²
1158 1352 1182 1388 ‚
1226 1303 1467 1370 tacitus
1495 1302 1865 1394 precetur?
1898 1314 2076 1382 tum,
2113 1294 2138 1334 ³
2162 1318 2509 1368 evocante

338 1420 485 1511 ipsa
510 1418 736 1487 vultus
768 1418 1228 1511 benignitate,
1269 1416 1639 1511 productus
1658 1409 1686 1459 ⁴
1720 1413 1963 1484 adoret
1990 1440 2072 1484 ac
2105 1416 2503 1509 supplicet3

338 1547 441 1619 et,
475 1532 595 1601 diu
622 1535 1116 1629 contemplatus
1151 1533 1437 1601 multum
1468 1548 1881 1617 exstantem,
1918 1556 2265 1626 supraque
2296 1557 2511 1599 men-

340 1675 566 1719 suram
601 1652 951 1719 solitorum
997 1654 1180 1719 inter
1217 1674 1345 1717 nos
1388 1650 1601 1742 aspici
1649 1649 1894 1717 elatam
1930 1700 1951 1733 ,
2004 1648 2219 1719 oculis
2262 1700 2283 1731 ,
2330 1651 2515 1716 mite

343 1762 670 1856 quiddam
704 1757 771 1847 ⁵,
823 1763 944 1831 sed
993 1765 1441 1833 nihilominus
1488 1764 1716 1833 vivido
1767 1765 1929 1856 igne
1984 1762 2450 1857 flagrantibus
2488 1795 2508 1849 ς

347 1896 509 1961 tunc
535 1878 786 1948 deinde
806 1872 832 1915 ⁶
863 1880 1048 1949 illam
1073 1881 1349 1975 Virgilii
1377 1884 1591 1950 nostri
1613 1904 1845 1950 vocem
1877 1904 2127 1948 verens
2156 1896 2375 1973 atque
2400 1899 2519 1950 at-

345 1997 600 2063 tonitus
629 1998 893 2063 emittat
919 2023 935 2062 ε

620 2136 670 2188 Ο
685 2137 697 2190 !
715 2158 868 2208 quam
893 2150 940 2191 te
963 2156 1240 2189 memorem
1256 2177 1272 2205 ‚
1297 2136 1482 2212 virgo?
1499 2157 1719 2209 namque
1742 2138 1879 2191 haud
1900 2138 1994 2190 tibi
2012 2138 2215 2193 vultus⁷

615 2223 853 2276 Mortalis
870 2261 886 2290 ,
913 2243 1010 2277 nec
1029 2243 1126 2276 vox
1151 2223 1414 2286 hominem
1438 2237 1599 2277 sonat.
1622 2226 1673 2280 O
1696 2224 1807 2278 Dc·
1828 2224 1994 2278 certe⁸
2014 2224 2028 2276 Ξ

614 2309 695 2362 Sis
718 2307 871 2375 felin
897 2321 1224 2379 nostrumque
1245 2309 1381 2362 leves
1402 2329 1736 2380 quaecnmque
1757 2309 2007 2363 laborem!

417 2499 457 2532 ι.
480 2477 666 2530 Illam.
701 2476 784 2529 Sc.
815 2475 1016 2528 faciem.
1052 2473 1138 2526 Sic
1157 2473 1302 2527 Pinc.
1327 2487 1378 2527 et

348 2556 557 2610 Gruteri
581 2553 730 2608 codd.
751 2555 914 2606 Antea
936 2569 950 2603 t
970 2555 1137 2605 illum.
1161 2551 1345 2604 Ruhk.

414 2656 463 2688 2.
479 2635 556 2687 Et
567 2673 583 2699 ,
602 2634 769 2706 utsas
787 2636 859 2686 sit
873 2634 1084 2684 vidisse.
1107 2630 1145 2681 1.
1167 2651 1211 2682 e.
1235 2642 1284 2683 ct
1303 2669 1316 2694 ,
1332 2631 1378 2684 si

348 2731 600 2787 supponas
615 2710 860 2785 permitti,
884 2708 1204 2763 etc—Haud
1221 2709 1377 2761 dubie

349 2790 562 2864 respexit
586 2799 756 2840 noster
783 2787 847 2838 ad
869 2786 1014 2840 illam
1039 2798 1210 2839 notam
1235 2787 1378 2838 anti-

351 2865 558 2936 quitatis
587 2863 910 2938 opinionem,
937 2875 986 2916 et
1011 2861 1131 2915 deos
1161 2862 1377 2914 invisere

353 2944 606 3008 homines,
633 2955 684 2994 et
701 2940 957 2994 interdum
977 2960 1030 2992 se
1050 2940 1178 2992 visui
1202 2960 1379 2992 eorum

353 3022 602 3096 subjicere
622 3041 712 3074 sua
734 3019 898 3094 specie
913 3059 926 3084 ‚
946 3017 1102 3088 idque
1139 3037 1244 3070 non
1269 3018 1381 3070 sine

355 3099 532 3153 mortis
544 3098 794 3174 periculo:
809 3097 932 3151 hinc
947 3097 1111 3150 lucem
1128 3096 1385 3170 accipiunt

356 3179 620 3231 ‹tirtacims
629 3174 960 3244 precum-‚Cf-
971 3173 1163 3246 Heynii
1173 3173 1379 3224 Excurs.

357 3254 422 3307 ad
445 3254 590 3325 Virg.
610 3255 738 3307 AEn.
765 3252 818 3316 I,
843 3255 938 3318 40²
959 3271 1035 3322 sq.
1057 3248 1126 3302 R.
1142 3277 1208 3290 —
1226 3252 1383 3325 Apud

357 3331 558 3384 Livium
582 3331 675 3384 lib.
691 3332 716 3382 1
736 3348 750 3383 :
775 3352 802 3378 α
818 3330 1064 3382 Proculus
1079 3367 1094 3392 ,
1116 3342 1382 3403 conspecto

357 3409 604 3476 Romulo,
628 3408 1014 3462 venerabundus
1032 3409 1246 3470 adstitit,
1269 3429 1383 3479 pre-

357 3487 498 3541 cibus
531 3500 703 3563 petens
726 3525 740 3550 ,
789 3499 846 3538 nt
881 3498 1056 3538 contra
1093 3485 1277 3538 intueri
1310 3488 1383 3537 fas

357 3577 532 3619 esset.»
549 3567 616 3618 Et
628 3567 688 3618 L.
700 3565 940 3619 Vitellius
951 3565 1007 3617 in
1018 3566 1210 3626 Dione,
1223 3563 1385 3634 q'uum

359 3642 592 3716 Caligula
608 3655 845 3714 rogasset,
862 3665 888 3689 α
901 3641 1100 3712 Ecquid
1111 3661 1224 3694 cum
1239 3645 1385 3696 Luna

357 3719 770 3796 congredientem
806 3718 1143 3772 se‘vidisset?
1175 3719 1383 3792 abjectis

355 3799 608 3854 interram
625 3797 785 3850 oculis
799 3783 956 3849 :Nam
968 3796 1112 3849 vobis
1123 3795 1258 3864 Diis,
1272 3798 1384 3850 Do-

353 3878 517 3943 mine,
539 3876 738 3948 inquit,
763 3875 883 3932 solis
905 3875 1036 3930 inter
1056 3895 1146 3929 vos
1168 3875 1285 3929 licet
1303 3877 1382 3929 vi-

351 3955 487 4011 dere.
505 3978 534 4004 a»
559 3955 708 4025 Lips.
826 4035 832 4041 ¹

1540 2475 1587 2526 3.
1598 2469 1754 2540 Tum,
1777 2487 2014 2530 evocante
2034 2481 2172 2545 Ipsa.
2190 2477 2279 2530 sic
2292 2479 2523 2551 aut-iqua

1474 2550 1629 2603 editio
1669 2565 1719 2604 et
1753 2553 1989 2606 nonnulli
2022 2553 2171 2606 codd.
2196 2570 2273 2630 ap.
2295 2555 2521 2609 Gruter.

1473 2627 1713 2681 Erasmus
1746 2650 1759 2685 ε
1796 2631 1996 2683 Tamen
2035 2643 2271 2684 evocante
2314 2637 2523 2700 ipsum.

1474 2709 1708 2761 Muretus
1729 2728 1743 2760 ε
1776 2709 1912 2760 Tum
1937 2721 2169 2764 evocante
2190 2713 2404 2778 ipsum.
2428 2714 2524 2764 Li-

1474 2784 1638 2860 psius:
1662 2786 1800 2839 Tum
1811 2789 2309 2857 αᾰοοωηίείρεωη,
2338 2791 2522 2843 nescio

1474 2863 1632 2916 unde.
1652 2863 1833 2917 Ruhk.

1541 2939 1589 3005 4.
1614 2943 1925 2995 Productus.
1948 2941 2020 2994 Ut
2045 2941 2179 2993 bono
2204 2941 2269 2993 sit
2289 2944 2489 2996 animo
2507 2982 2521 3007 ,

1478 3033 1615 3072 metu
1638 3020 1781 3074 omni
1802 3022 1987 3092 rejecto
2012 3021 2218 3093 prodeat
2242 3021 2311 3074 ad
2354 3023 2526 3076 illam.

1479 3098 1735 3151 Describit
1760 3111 1925 3152 autem
1949 3112 2005 3151 ut
2031 3101 2192 3152 Deam
2213 3138 2229 3164 ,
2256 3103 2523 3174 majorem

1482 3190 1529 3228 et
1552 3177 1853 3248 ampliorem
1888 3179 2031 3231 omni
2062 3179 2281 3232 bumana
2308 3184 2521 3254 specie;

1478 3256 1557 3306 nti
1574 3256 1665 3307 Dii
1680 3257 1904 3327 Deaeqne
1917 3276 1969 3310 se
1983 3258 2383 3332 conspiciendos
2403 3261 2521 3313 dare

1479 3333 1715 3386 solerent.
1740 3333 1819 3386 Cf.
1846 3335 2109 3406 Heynium
2136 3335 2168 3388 l.
2191 3334 2227 3387 l.
2254 3335 2459 3390 Ruhk.

1550 3415 1595 3463 5.
1620 3411 1753 3464 Mite
1771 3413 2044 3480 quiddam.
2068 3412 2281 3466 Restitui
2308 3436 2381 3469 ex
2402 3429 2521 3469 vett-

1481 3489 1637 3541 libris.
1662 3491 1796 3542 Mtte
1817 3493 2027 3560 quidem
2054 3491 2133 3544 ed.
2153 3493 2287 3545 Mur.
2306 3509 2367 3546 et
2376 3515 2515 3565 seqq.

1479 3567 1611 3619 Min·
1632 3571 1843 3636 quidem
1870 3569 1947 3622 ed.
1972 3568 2140 3622 Ruhk.
2162 3569 2333 3624 Schw.

1544 3645 1592 3696 5.
1618 3646 1761 3698 Tunc
1774 3649 1973 3700 deinde.
1994 3645 2077 3702 Sic
2094 3669 2148 3700 α.
2171 3667 2211 3701 c.
2230 3653 2301 3702 A.
2332 3667 2387 3705 et
2406 3653 2513 3705 Pal.

1482 3739 1542 3784 2,
1570 3718 1616 3770 3.
1642 3720 1814 3792 Vulgo
1838 3732 1949 3774 tum
1973 3725 2201 3778 demum.
2228 3725 2401 3780 Scboe.

1550 3817 1593 3866 7.
1618 3799 2041 3874 Vultus.virgilii
2058 3821 2235 3855 versus
2246 3817 2369 3856 sunt
2388 3807 2516 3858 AEn.

1482 3877 1505 3928 1
1525 3915 1541 3942 ,
1567 3876 1664 3948 327
1686 3898 1761 3949 sq.
1784 3878 1961 3933 Ruhk.

1544 3955 1591 4007 8.
1630 3955 1681 4006 0
1702 3956 1823 4009 Deo
1847 3959 2007 4012 certe!
2034 3959 2093 4010 In
2116 3980 2267 4014 versu
2294 3963 2511 4036 Virgilii
