2667 4475
353 331 846 402 PHYSIOL.
899 329 1417 403 STOICOR.
1470 332 1664 402 LIB.
1715 324 1839 405 112
2034 336 2161 405 621

85 482 174 521 sam
204 470 593 541 auctoremque
623 459 1005 543 generationis
1036 458 1244 520 Mundi
1277 482 1403 521 esse
1422 506 1441 536 ,
1492 475 1551 522 at
1592 486 1709 522 non
1745 463 2043 535 interitus;
2074 464 2179 525 sed

85 590 179 627 eam
208 589 322 649 quae
347 568 405 626 in
435 564 606 626 rebus
635 580 720 626 est
742 567 910 625 insita
939 566 1094 649 Ignis
1115 570 1459 649 potentiam,
1497 582 1627 651 post
1655 570 1821 653 longa
1858 582 2177 651 temporum

86 674 331 733 ntervalla
345 716 362 747 ‚
386 673 575 732 omnia
593 674 654 731 in
683 692 746 732 se
770 673 1164 733 resolventem.
1193 700 1221 727 n
1249 675 1410 735 Deus
1427 716 1445 749 ,
1474 676 1662 757 inquit
1684 718 1700 749 ,
1728 698 1843 735 non
1872 687 1959 735 est
1986 698 2177 735 causa.

85 776 386 838 iecundaria
418 791 476 838 et
502 776 947 839 instrumentalis
969 803 987 837 ε
1015 792 1154 839 esto.
1201 779 1348 855 Quis
1381 782 1555 865 ergo?
1588 778 1747 863 Ignis
1780 783 1985 843 inclusi
2010 784 2180 843 rebus

85 886 305 945 'mnibus
330 886 619 967 potentia,
656 907 780 967 quae
808 896 1064 967 tempore
1091 905 1153 945 se
1183 889 1394 947 exserit
1419 902 1477 948 et
1502 872 1653 947 vires
1681 891 1834 971 capit
1850 920 1875 963 ,-
1900 902 1959 949 et
1990 892 2181 951 omnia

85 992 366 1071 ›epulatur‚
391 991 510 1051 edit
526 1036 545 1067 ,
577 1005 634 1051 et
664 992 726 1050 in
753 982 1092 1052 alimentum
1109 995 1196 1051 sui
1225 994 1413 1052 vertit.
1446 992 1756 1067 Considera
1773 1019 1790 1053 τ
1818 1007 1903 1055 tot
1922 997 2019 1055 illa
2036 1009 2185 1057 astra

85 1108 111 1154 «t
155 1098 404 1157 caelorum
455 1098 620 1158 orbes
644 1142 662 1171 ,
711 1100 874 1181 ignes
914 1112 1010 1159 aut
1045 1100 1213 1181 ignea
1229 1124 1246 1171 ;
1281 1098 1360 1158 dii
1394 1100 1563 1174 boni,
1597 1114 1809 1181 quanto
1838 1116 2025 1164 cetera
2069 1106 2191 1165 ele·-

85 1216 236 1263 nenta
266 1205 647 1286 exsuperant?
677 1205 830 1279 Quid
866 1208 926 1265 in
963 1207 1088 1288 ipso
1119 1206 1262 1265 mari
1283 1242 1304 1279 5
1334 1228 1525 1266 nonne
1556 1208 1710 1268 calor
1752 1222 1809 1267 et
1848 1212 2067 1270 semina
2097 1214 2191 1294 ig-
2288 1272 2293 1277 ,

85 1309 249 1369 nium?
278 1300 415 1392 quid
447 1312 508 1370 in
536 1324 719 1384 terra,
756 1313 894 1392 ipsis
923 1314 1048 1391 ejus
1078 1312 1468 1393 penetralibus
1491 1356 1507 1386 ,
1540 1324 1596 1372 et
1624 1334 1797 1395 super
1826 1316 1993 1374 eam?
2024 1315 2189 1376 Idem

85 1441 112 1475 n
145 1438 271 1475 aere
295 1460 312 1490 ,
355 1418 416 1475 in
459 1416 842 1475 animantibus
866 1460 884 1490 ‚
917 1418 1226 1497 stirpibus3
1271 1416 1487 1498 ubique
1516 1420 1664 1501 ignis
1700 1443 1717 1478 ε
1752 1433 1809 1479 et
1836 1421 1933 1479 ille
1953 1464 1971 1495 ,
2005 1422 2192 1503 inquit

85 1522 248 1595 'hilo‚
294 1522 566 1603 paulatim
609 1543 951 1604 augescens,
991 1525 1184 1582 omnia
1224 1522 1474 1604 denique
1520 1526 1581 1583 in
1620 1546 1683 1584 se
1710 1538 1927 1587 ,νει-ἰοὶ.
1976 1525 2049 1587 In
2084 1550 2146 1587 se
2169 1575 2187 1599 ‚

86 1632 280 1711 ptime.
307 1628 396 1688 Ita
406 1628 723 1688 Numenius
742 1651 759 1688 z
789 1654 817 1681 α
837 1628 1030 1688 Placet
1046 1628 1246 1688 Stoicis
1272 1650 1505 1689 omnem
1526 1632 1825 1690 essentiam
1847 1654 1912 1691 ac
1932 1645 2195 1692 naturam

85 1760 109 1795 ι
129 1735 332 1817 Ignem
355 1746 687 1795 convertere
706 1779 724 1809 ‚
750 1747 1021 1815 tanquam
1051 1736 1110 1795 in
1132 1756 1352 1794 semen.
1378 1761 1407 1789 ι»
1432 1736 1546 1797 Sed
1576 1758 1747 1818 quem
1767 1738 1921 1797 hune
1944 1739 2147 1821 Ignem
2167 1740 2195 1797 ’ἕ

85 1843 376 1902 Ethereum
403 1854 463 1901 et
489 1862 698 1923 purum
717 1884 734 1913 ,
758 1841 1016 1900 observa.
1056 1840 1278 1900 Mixtus
1303 1855 1391 1901 est
1416 1843 1513 1901 ille
1536 1886 1555 1915 ,
1586 1844 1687 1925 qui
1712 1844 1987 1917 vastabit;
2016 1868 2197 1927 purus

86 1962 108 2009 t
150 1973 182 2009 a
231 1948 470 2007 Materia
497 1948 770 2029 paulatim
811 1946 1174 2007 reducendus
1205 1949 1302 2010 ille
1318 1993 1336 2024 ,
1374 1950 1473 2031 qui
1506 1949 1703 2033 gignet
1733 1950 1925 2012 denuo
1968 1964 2027 2011 et
2066 1949 2213 2013 for-⁸

86 2056 248 2115 iabit.
298 2055 445 2114 Nam
490 2054 734 2114 Materia
775 2066 1106 2115 secernetur
1134 2098 1154 2129 ‚
1201 2067 1269 2115 ut
1309 2054 1587 2115 dicemus.
1636 2055 1969 2119 AEthereum
2010 2058 2133 2119 dixi
2178 2083 2197 2117 π

85 2184 274 2223 lecum
297 2162 636 2223 Numenius.
677 2188 705 2215 α
732 2160 934 2221 Stoicis
964 2162 1155 2244 placet
1174 2164 1366 2222 omnia
1390 2184 1729 2224 evanescere
1757 2178 1813 2223 et
1832 2167 2043 2248 perire,
2070 2180 2200 2248 post

85 2271 378 2352 ›ngissima
427 2271 608 2350 spatia
626 2313 642 2342 ‚
690 2271 955 2329 omnibus
986 2271 1046 2328 in
1086 2270 1393 2330 aethereum
1431 2249 1623 2351 ignem
1667 2271 1949 2330 resolutis.
1991 2297 2019 2326 a·
2081 2272 2199 2333 Sed

85 2378 244 2436 mnia
271 2375 432 2454 prius
459 2387 738 2453 pereunt,
774 2373 1007 2432 omnia?
1039 2375 1150 2453 ipsi
1177 2373 1274 2432 Dii
1303 2374 1555 2432 minores
1573 2417 1591 2447 ‚
1616 2371 1827 2448 Genii,
1856 2375 2073 2436 Animae
2090 2421 2108 2451 ,
2141 2389 2199 2438 et

85 2480 339 2562 uidquid
364 2489 450 2540 est
477 2491 636 2538 extra
664 2501 846 2539 unum
867 2500 1200 2560 supremum
1226 2479 1417 2538 Deum
1434 2523 1453 2552 ‚
1477 2479 1541 2538 id
1572 2493 1691 2554 est,
1718 2479 1941 2542 Jovem.
1976 2482 2065 2542 Ita
2093 2481 2199 2544 Se-

91 2613 200 2652 eca
220 2634 237 2664 ,
269 2589 456 2648 solum
482 2587 634 2647 hunc
662 2608 958 2670 superesse
989 2586 1155 2660 facit,
1193 2613 1221 2640 α
1253 2601 1312 2648 et
1339 2588 1697 2668 acquiescere
1728 2588 1835 2648 sibi
1854 2633 1871 2665 ‚
1906 2590 2153 2652 resoluto
2176 2635 2196 2666 ,

86 2698 240 2779 :quit
268 2694 493 2778 (Epist.
531 2691 668 2776 ix),
702 2693 923 2754 Mundo
948 2737 964 2768 ,
1009 2705 1066 2752 et
1105 2693 1216 2753 diis
1255 2695 1316 2752 in
1355 2715 1537 2754 unum
1579 2693 1849 2756 confusis.
1883 2723 1911 2750 ιι
1956 2697 2105 2758 Sane
2138 2700 2199 2758 in

86 2828 232 2866 num
256 2847 274 2877 ‚
307 2805 371 2862 in
405 2804 592 2884 ipsum
621 2801 656 2862 J
659 2823 845 2861 ovem.
880 2800 1214 2860 Plutarchus
1251 2800 1583 2861 Cleanthem
1612 2801 1831 2862 inducit
1862 2803 2147 2864 dicentem
2178 2848 2196 2877 ‚

85 2913 176 2972 De
207 2911 372 2970 Com.
407 2907 668 2989 Notion.)
704 2935 732 2963 «
757 2905 978 2967 Lunam
1001 2951 1018 2980 ‚
1066 2919 1123 2967 et
1161 2907 1348 2967 sidera
1378 2921 1438 2967 et
1479 2887 1669 2970 Solem
1718 2911 1940 2990 perire,
1996 2909 2197 2970 Jovem

85 3033 246 3078 utem
298 3017 548 3100 (desunt
577 3016 637 3075 in
689 3014 888 3075 Graeco
937 3015 1194 3096 quaedam
1221 3059 1238 3088 ,
1280 3015 1385 3075 sed
1414 3017 1463 3075 is
1503 3037 1701 3075 sensus
1732 3015 1852 3098 est)
1890 3018 2203 3077 assimilare

85 3127 249 3186 mnia
277 3125 388 3184 sibi
407 3169 423 3198 ,
451 3136 508 3183 et
527 3125 588 3182 in
610 3125 798 3205 ipsum
837 3144 900 3182 se
931 3134 1176 3183 vertere.
1209 3150 1237 3176 ι»
1262 3122 1409 3183 Nam
1450 3122 1679 3204 Jupiter
1719 3125 1934 3183 scilicet
1962 3138 2069 3198 est,
2090 3147 2204 3206 pu-

85 3236 168 3292 ior
199 3233 297 3292 ille
331 3232 508 3316 Ignis.
538 3233 738 3292 Cicero
769 3231 938 3290 etiam
961 3274 977 3303 ‚
1014 3230 1087 3290 de
1118 3231 1353 3291 interitu
1390 3231 1499 3290 hoc
1521 3233 1773 3292 Deorum
1799 3230 2013 3314 (Acad.
2055 3232 2152 3314 11)
2182 3257 2202 3292 :-

99 3341 308 3400 Stellas
333 3355 531 3400 omnes
550 3385 566 3414 ‚
595 3337 839 3412 terram,
862 3315 1062 3412 mare,
1097 3329 1235 3398 deos
1257 3360 1381 3398 esse
1418 3363 1433 3397 ε
1476 3337 1599 3399 fore
1629 3351 1821 3398 tamen
1859 3339 2163 3422 aliquando
2180 3385 2198 3414 ,

89 3461 110 3506 t
144 3449 340 3506 omnis
377 3447 471 3507 hic
500 3447 755 3507 Mundus
786 3446 988 3506 ardore
1015 3443 1308 3528 deflagret.
1352 3471 1379 3499 ιι
1410 3443 1523 3504 Sed
1553 3457 1611 3505 et
1638 3445 1782 3505 alius
1812 3445 2028 3506 Seneca
2060 3469 2076 3504 ε

575 3583 714 3668 ‘Caeli
737 3584 870 3651 regia
891 3581 1153 3635 concidens

592 3675 742 3724 Ortus
763 3681 910 3742 atque
931 3675 1093 3724 obitus
1114 3673 1269 3726 trahet
1289 3692 1302 3723 ε

587 3765 747 3832 Atque
770 3781 938 3814 omnes
959 3759 1138 3833 pariter
1163 3767 1291 3816 Deos

599 3855 774 3908 Perdet
795 3873 928 3907 mors
951 3857 1112 3925 aliqua
1129 3864 1179 3908 et
1194 3857 1373 3910 Chaos.
1401 3857 1575 3927 (Herc.
1600 3859 1717 3908 oEt.
1750 3875 1768 3908 1
1784 3875 1801 3908 ι
1818 3876 1874 3909 12
1902 3866 1952 3910 et
1972 3858 2106 3929 seq.)

85 3983 250 4063 gitur
276 3981 473 4039 omnia
501 3979 562 4040 in
591 3973 792 4062 Ignem
822 3977 1066 4051 abeunt,
1097 3999 1438 4060 rursumque
1464 4001 1537 4040 ex
1565 3979 1710 4062 Igne
1740 3993 1997 4062 surgunt.
2034 3978 2212 4040 Laer-

91 4111 166 4149 us
189 4131 207 4162 ,
245 4087 324 4148 de
369 4089 494 4149 Deo
527 4111 544 4147 2
597 4115 624 4142 ιι
658 4089 759 4169 qui
808 4095 893 4149 est
933 4087 1381 4167 incorruptibilis
1406 4131 1423 4162 ,
1466 4100 1523 4150 et
1566 4089 1851 4170 ingenitus
1877 4131 1895 4162 ,
1954 4088 2211 4152 conditor
