2667 4475
885 272 1431 342 EPISTOLA
1478 272 1641 340 XC.
2247 304 2332 374 ²7

159 406 464 497 posuit,
503 404 594 471 ad
629 402 1140 471 similitudinem
1175 402 1517 485 dentium,
1566 426 1855 493 quorum
1892 426 2051 499 pars
2082 408 2329 475 immo-

161 524 358 591 bilis
395 538 650 591 motum
685 521 967 589 alterius
1000 536 1379 615 exspectat3
1420 518 1673 588 deinde
1706 522 2063 615 utriusque
2100 526 2335 593 attritu

167 663 408 733 grana
454 640 902 733 franguntur,
943 654 1014 705 et
1045 640 1291 732 saepius
1333 654 1784 731 regeruntur,
1822 638 2041 709 donec
2072 638 2160 708 ad
2196 643 2336 710 mi-

166 759 458 826 nutiam
493 754 906 849 frequenter
938 756 1098 824 trita
1131 753 1555 849 redigantur.
1600 757 1801 824 Tunc
1838 758 2120 827 farinam
2159 783 2337 851 aqua

165 876 446 966 sparsit
466 925 487 957 ‚
528 889 598 941 et
633 872 902 942 assidua
937 872 1336 941 tractatione
1368 873 1759 965 perdomuit
1778 924 1797 955 ‚
1839 870 2173 968 finxitque
2202 900 2337 968 pa-

167 1010 352 1055 nem
375 1016 394 1072 3
431 1010 638 1079 quem
662 987 884 1078 primo
911 988 1086 1053 cinis
1113 985 1374 1055 calidus
1401 999 1471 1053 et
1497 986 1767 1054 fervens
1793 1001 1963 1055 testa
1990 990 2330 1081 pei-coxit:

170 1102 452 1172 deinde
487 1103 672 1171 finni
725 1102 1050 1194 paulatim
1096 1103 1395 1193 reperti,
1433 1116 1508 1169 et
1538 1102 1673 1169 alia
1712 1126 1963 1195 genera
1988 1154 2009 1187 ,
2051 1128 2339 1195 quorum

173 1219 431 1289 fervor
463 1221 752 1287 serviret
791 1218 1104 1286 arbitrio.
1129 1244 1160 1279 ι)
1191 1219 1459 1284 —Non
1504 1217 1791 1285 multum
1838 1218 2120 1301 abfuit¹,
2170 1222 2343 1311 quin
2392 1230 2455 1294 24

175 1338 540 1403 sutrinum
575 1356 848 1427 quoque
885 1336 1234 1418 inventum
1269 1356 1310 1399 a
1346 1332 1767 1425 sapientibus
1801 1332 2082 1403 diceret.

293 1450 546 1519 Omnia
591 1452 720 1518 ista
761 1450 936 1517 ratio
981 1445 1258 1540 quidem
1285 1496 1304 1529 ‚
1350 1444 1471 1513 sed
1502 1470 1642 1515 non
1673 1464 1857 1515 recta
1902 1450 2115 1533 ratic,
2154 1474 2345 1519 com-

179 1584 424 1635 menta
459 1584 587 1635 est.
622 1568 930 1635 Hominis
963 1555 1146 1633 enirn
1167 1614 1190 1649 ‚
1231 1586 1374 1631 non
1412 1563 1751 1655 Sapientis
1772 1614 1791 1647 ,
1831 1566 2110 1633 inventa
2142 1581 2339 1654 sunt3

185 1698 336 1751 tam
361 1681 793 1751 mehercules
815 1732 833 1763 ‚
872 1704 1072 1773 quam
1107 1680 1418 1773 navigia,
1462 1678 1715 1771 quibus
1747 1704 1979 1749 amnes
2002 1733 2021 1766 ‚
2060 1682 2347 1774 quibus-

181 1820 334 1887 que
379 1796 596 1864 maria
628 1795 1096 1877 transivimus,
1150 1796 1394 1887 aptatis
1445 1791 1535 1860 ad
1586 1794 2059 1886 excipiendum
2100 1813 2344 1865 vento-

183 1936 350 1979 rum
381 1913 714 2005 impetum
739 1912 909 1983 velis
929 1964 950 1995 ,
981 1926 1052 1980 et
1075 1909 1330 1979 additis
1348 1934 1389 1978 a
1408 1926 1605 2004 tergo
1636 1910 2115 2003 gubernaculis
2135 1964 2155 1999 ,
2192 1938 2345 2007 quae

183 2029 336 2097 huc
371 2044 582 2119 atque
615 2028 784 2097 illuc
817 2052 1088 2096 cursum
1123 2028 1381 2120 navigii
1418 2044 1783 2120 torqueant
1829 2057 1845 2095 :
1886 2033 2269 2124 exemplum
2305 2056 2347 2098 a

184 2142 507 2239 piscibus
538 2160 822 2212 tractum
857 2159 992 2224 est,
1035 2145 1154 2235 qui
1185 2143 1404 2212 cauda
1433 2160 1793 2238 reguntur,
1834 2162 1905 2213 et
1930 2147 2063 2214 levi
2092 2148 2240 2242 ejus
2268 2148 2343 2215 in

186 2277 568 2353 utrumque
593 2275 931 2329 momento
954 2259 1379 2328 velocitatem
1404 2285 1593 2330 suam
1620 2261 1969 2330 flecmnt2.
2012 2291 2045 2330 «ι
2063 2265 2337 2348 Omnia,
2398 2273 2457 2324 ²5

185 2379 470 2468 inquit,
512 2375 664 2444 haec
700 2377 982 2470 Sapiens
1006 2375 1283 2468 quidem
1312 2379 1618 2464 invenit;
1656 2377 1777 2445 sed
1804 2381 2107 2462 minora,
2142 2405 2344 2471 quam

189 2512 273 2561 ut
323 2495 476 2586 ipse
526 2506 887 2576 tractaret,
949 2491 1447 2562 sordidioribus
1497 2487 1827 2578 ministris
1871 2489 2155 2560 dedit.»
2202 2497 2344 2564 Imo

189 2635 342 2680 non
371 2609 460 2678 ab
488 2611 640 2678 aliis
659 2605 684 2645 ³
715 2611 1086 2702 excogitata
1117 2610 1244 2676 ista
1271 2623 1432 2676 sunt
1452 2659 1473 2691 ‚
1508 2631 1713 2700 quam
1745 2632 1787 2675 a
1820 2607 2071 2700 quibus
2104 2606 2345 2677 hodie-

191 2747 340 2816 que
363 2707 712 2792 curantur.
748 2723 1080 2815 Quaedam
1107 2739 1339 2790 nostra
1365 2721 1632 2792 demum
1664 2721 1999 2814 prodiisse
2024 2723 2345 2791 memoria

191 2839 453 2906 seimus
503 2864 519 2905 ε
563 2853 644 2905 ut
675 2837 1208 2931 speculariorum
1251 2862 1449 2906 usum
1466 2833 1523 2921 ⁴,
1562 2838 1961 2930 perlucente
1998 2853 2169 2905 testa
2202 2838 2343 2906 cla-

194 3082 430 3156 aenigm
441 3081 698 3154 Sympoeii
718 3081 786 3132 LI
808 3080 865 3132 in
881 3081 1220 3133 Werusdors.
1386 3078 1433 3129 3.
1460 3081 1579 3132 Non
1602 3081 1674 3132 ab
1696 3075 1868 3132 aliis...
1893 3099 2057 3150 qnam
2076 3099 2111 3131 a
2132 3079 2341 3148 quibus.

195 3161 348 3212 Poet.
367 3160 475 3210 Lat·
493 3158 740 3224 Min.V1,
765 3179 809 3210 2.
829 3177 878 3228 p·
898 3161 1012 3226 ⁵²7·
1031 3159 1112 3209 De
1121 3177 1222 3226 pa·
1317 3160 1451 3211 Due
1480 3157 1881 3231 prepositiones,
1906 3160 1978 3210 ab
2012 3170 2061 3210 et
2090 3179 2128 3210 a
2160 3157 2345 3210 desunt

195 3241 380 3310 rar-'ficio
410 3238 740 3291 eruditissime
777 3237 881 3310 egit
909 3237 1139 3308 Heynius
1163 3238 1220 3290 in
1317 3237 1572 3290 veteribus
1591 3237 1733 3290 libris
1752 3238 2005 3290 omnibus.
2027 3237 2190 3292 Schw.

197 3321 394 3391 Opuse.
413 3319 572 3370 Acad.
591 3317 710 3370 Vol.
734 3317 774 3368 1.
794 3338 840 3390 p.
861 3316 958 3369 363
977 3337 1078 3386 sq„
1103 3335 1221 3369 nos·-
1382 3315 1429 3380 4.
1452 3313 1875 3382 speculariorum
1895 3335 2067 3368 usum.
2088 3314 2345 3388 Specula-

195 3399 268 3450 υἱ
289 3395 392 3450 loci
411 3416 518 3448 non
535 3396 820 3448 immemor.
837 3395 1020 3446 Ruhk.
1315 3391 1411 3456 ria,
1424 3393 1745 3463 quadroesive
1756 3392 1902 3445 orbes
1910 3393 2137 3445 fenestris
2148 3393 2342 3458 inserti,

275 3494 320 3527 ι.
349 3475 470 3526 Non
503 3478 730 3528 multum
765 3473 1002 3545 σρῙυίτ....
1021 3475 1222 3528 de'ceret.
1323 3469 1389 3522 ad
1404 3470 1569 3523 lucem
1590 3471 2019 3524 intermittendam
2033 3507 2049 3535 ‚
2069 3483 2247 3523 ventos
2264 3491 2344 3524 ex-

201 3553 342 3607 Satis
359 3553 519 3606 facete
554 3552 633 3605 his
663 3551 832 3604 verbis
863 3571 954 3623 pro
988 3553 1224 3606 lemmate
1321 3549 1601 3604 eludendos
1625 3551 1821 3603 :vicem
1848 3565 1897 3603 et
1912 3569 2061 3603 usum
2082 3550 2237 3604 hodie
2254 3551 2344 3602 vi—

199 3651 325 3686 mus
365 3644 436 3685 est
473 3630 650 3684 Petrus
689 3629 964 3703 Camperus
998 3629 1054 3682 in
1091 3630 1224 3684 libro
1321 3643 1561 3682 treorum.
1598 3630 1749 3683 Dicta
1786 3651 1816 3683 a
1859 3630 2027 3702 lapide
2064 3630 2341 3705 speculari:

202 3709 620 3776 celebratissimo,
640 3729 738 3762 sm·
753 3713 808 3762 la
828 3712 1086 3762 meilleure
1101 3709 1226 3779 fin·-
1323 3708 1407 3761 cui
1425 3708 1532 3761 boc
1562 3727 1751 3761 nomen
1784 3729 1813 3761 a
1841 3721 2019 3762 natura
2052 3711 2341 3762 tralucente.

199 3809 286 3841 me
308 3791 404 3842 des
424 3787 677 3841 Souliers.
707 3789 845 3856 178¹.
863 3786 1044 3838 Ruhk.
1327 3787 1517 3840 Creber
1556 3788 1683 3840 olim
1726 3791 1783 3839 in
1822 3789 2067 3863 Hispania
2086 3827 2101 3854 ,
2140 3787 2341 3860 Cypro,

269 3889 314 3920 a.
335 3868 678 3921 Velocitatm
692 3865 1224 3933 suamflecmnt.Vide
1327 3863 1643 3938 Cappadocia
1663 3906 1678 3932 ‚
1707 3865 1919 3930 African
1953 3887 2091 3919 nunc
2116 3866 2245 3916 sitne
2285 3865 2341 3916 in

207 3943 402 4018 Buffon
435 3943 598 3998 verbo
639 3962 796 4013 cygne
835 3944 1226 4016 pulcherrimam
1323 3946 1538 4014 notitia,
1572 3947 1768 4012 nescio,
1792 3947 1876 4000 vix
1898 3947 1953 3998 in
1972 3967 2096 4011 usu,
2134 3957 2185 3995 at
2216 3943 2341 3997 olim

205 4019 348 4094 hujus
364 4025 476 4078 avis
495 4041 618 4076 mm
639 4041 766 4074 nave
781 4021 1224 4094 comparationem.
1325 4023 1577 4095 frequenti
1611 4043 1625 4078 ε
1660 4045 1823 4094 neque
1864 4025 1997 4077 enim
2038 4021 2343 4076 eoenationes
2413 4013 2421 4026 ’
