2667 4475
441 333 924 430 PHYsuoL.
981 336 1490 408 STOICOR.
1545 340 1739 408 LIB.
1788 340 1938 443 1117
2096 344 2261 413 -633

93 492 162 539 et
202 474 557 563 philosopha
601 481 801 540 lustro.
846 480 1008 540 Tunc
1033 525 1052 555 ‚
1099 494 1164 542 ut
1209 482 1365 566 apud
1403 494 1461 543 te
1499 482 1702 559 fatear,
1733 482 1957 543 libellos
2003 484 2140 545 istos
2158 528 2177 559 ‚
2210 498 2270 545 et

93 582 308 665 siquid
330 606 366 643 a
386 607 480 645 me
507 587 568 645 in
599 586 894 667 publicum
919 599 1146 663 manat,
1177 586 1298 647 fere
1327 590 1589 671 concipio
1618 601 1718 649 aut
1742 589 1983 671 dispono
2011 614 2027 649 =
2059 604 2117 651 et
2133 590 2267 671 styli
2296 568 2301 581 ι

94 712 354 772 operam
375 734 393 765 ,
415 713 594 773 quum
621 692 854 751 domum
875 692 1022 753 redii
1045 737 1063 768 ,
1089 690 1258 753 addo.
1285 694 1573 770 Quorsum
1602 718 1708 779 ego
1730 696 1873 756 ista?
1901 708 1969 757 ut
1994 696 2098 757 tihi
2122 718 2270 779 quo-
2320 752 2326 760 .

95 820 222 879 que
241 820 496 879 praeeam
519 842 536 873 ,
561 811 620 859 et
641 799 734 859 vel
762 799 914 859 inter
939 799 1136 861 turbas
1159 801 1417 881 quietum
1442 822 1565 861 esse
1587 803 1897 889 suademus,
1923 804 2076 866 inter
2096 826 2269 863 occu-

95 906 380 985 pationes
401 904 688 965 serianum
713 906 876 966 Sicut
897 903 1154 965 medicus
1173 908 1322 967 inter
1340 930 1547 989 aegros,
1580 910 1703 971 sine
1730 893 2103 973 sensumorbi
2133 910 2223 969 sui
2247 952 2265 983 ,

95 1013 296 1093 agitat
320 1034 338 1068 ε
373 1014 454 1071 sic
483 1012 636 1073 inter
667 1024 969 1095 nugatores
997 1014 1132 1073 serii
1158 1057 1174 1089 ,
1205 1015 1359 1076 inter
1388 1037 1562 1075 vanos
1590 1037 1791 1099 graves
1814 1038 1937 1077 esse
1966 1038 2261 1077 conemur.

95 1117 448 1199 Impediant
467 1140 574 1178 nos
595 1117 831 1179 fortasse
847 1163 864 1194 ,
887 1142 1005 1179 non
1031 1132 1276 1181 mutent.
1307 1122 1359 1179 A
1380 1134 1437 1181 te
1458 1165 1475 1195 ‚
1499 1122 1759 1203 inquam,
1784 1146 1903 1183 non
1924 1122 2093 1183 abeas
2118 1147 2134 1181 =
2166 1135 2267 1183 aut

91 1225 308 1283 statim
339 1236 492 1284 certe
519 1223 595 1283 ad
622 1236 678 1284 te
707 1224 833 1284 redi
859 1248 874 1296 3
909 1224 984 1284 ad
1012 1237 1070 1285 te
1092 1270 1110 1301 ,
1143 1225 1205 1285 id
1235 1238 1351 1301 est,
1386 1226 1459 1286 ad
1486 1227 1906 1310 philosophiam
1930 1274 1947 1304 ,
1994 1243 2051 1290 et
2090 1231 2267 1289 animi

92 1330 280 1389 illum
309 1330 642 1409 interiorem
668 1330 908 1396 cultum.
941 1330 1096 1392 Huic
1139 1352 1341 1393 vacare
1369 1330 1553 1415 (nihil
1582 1332 1859 1417 excuses)
1888 1335 2059 1401 etiam
2088 1356 2265 1415 quum

93 1458 229 1495 non
259 1457 434 1496 vacas
461 1479 478 1510 ,
509 1435 664 1496 licet.
699 1437 775 1513 Ass
804 1456 910 1518 ego
952 1458 1108 1499 nunc
1148 1436 1252 1495 tihi
1277 1482 1294 1512 ,
1328 1439 1503 1498 immo
1531 1438 1673 1499 mihi
1713 1463 1730 1498 ε
1763 1442 2081 1500 communis
2112 1442 2263 1499 enim

96 1564 204 1603 res
235 1541 483 1603 dicenda
505 1586 522 1617 ,
561 1555 618 1601 et
643 1540 784 1602 mihi
815 1564 1044 1623 quoque
1076 1542 1349 1603 discenda
1379 1556 1495 1618 est,
1534 1544 1693 1627 Quid
1718 1546 1795 1606 sit
1828 1546 1995 1607 homo
2017 1570 2037 1606 .·
2068 1547 2128 1605 in
2150 1568 2263 1627 qua

97 1649 316 1707 notitia
338 1692 356 1723 ,
401 1646 502 1707 illa
547 1650 720 1710 ctiam
757 1649 868 1709 Dei
914 1660 973 1710 et
1000 1648 1244 1709 Virtutis
1273 1648 1395 1709 fere
1441 1662 1529 1709 cst
1572 1650 1813 1711 inclusa.
1857 1650 2003 1713 Nam
2037 1652 2109 1712 de
2138 1654 2265 1735 ipso

95 1752 238 1813 Deo
259 1800 276 1823 ‚
305 1766 428 1817 tum
458 1754 532 1815 de
559 1753 778 1814 Mundo
796 1800 811 1823 ,
845 1766 913 1813 ut
931 1755 1041 1813 scis
1063 1798 1081 1827 ,
1117 1752 1371 1814 diximus
1395 1777 1411 1812 =
1440 1755 1647 1817 Mundi
1677 1758 1851 1839 igitur
1867 1758 2264 1840 praestantissi-

97 1881 274 1920 mum
309 1860 476 1929 homo
499 1861 778 1947 sequitur,
813 1881 990 1950 quem
1016 1860 1324 1931 lustremus
1350 1904 1369 1935 ,
1402 1874 1461 1924 et
1488 1863 1547 1921 in
1578 1884 1646 1922 eo
1674 1884 1779 1923 nos
1808 1862 2173 1923 illustremus.

791 2057 1426 2122 DISSERTATIO
1489 2060 1580 2120 ΙΙ.

215 2170 236 2193 ο
249 2222 552 2283 Hominem
570 2245 805 2303 parvum
824 2221 1100 2283 Mundum
1122 2243 1242 2282 esse
1262 2245 1284 2281 .-
1305 2230 1361 2303 εξ
1382 2222 1615 2282 breviter·
1630 2222 1753 2301 ejus
1772 2223 2127 2302 praetentio.

194 2411 344 2470 Juu
379 2421 568 2470 autem
597 2413 786 2472 statim
811 2431 855 2483 a
869 2409 1088 2470 Mundo
1109 2455 1124 2478 ‚
1157 2407 1302 2488 quid
1323 2408 1476 2466 enim
1500 2406 1656 2466 aliud
1677 2408 1799 2488 ipse
1822 2407 2014 2468 Homo
2034 2451 2053 2481 ‚
2082 2429 2254 2489 quam

95 2537 316 2601 parvus
336 2515 570 2598 quidem
599 2516 848 2579 Mundus
867 2519 902 2574 ἓ
924 2515 1086 2576 Philo
1111 2514 1345 2576 Judaeus
1370 2558 1387 2589 ,
1420 2527 1487 2574 ut
1512 2536 1813 2574 commune
1840 2515 2079 2575 verbum
2100 2559 2118 2588 ,
2149 2537 2255 2575 re·-

105 2623 246 2685 tulit
263 2619 442 2703 (Quis
459 2621 639 2681 divin.
659 2623 866 2682 action.
889 2619 1081 2704 heres)
1105 2644 1122 2680 a
1153 2647 1182 2674 α
1209 2621 1455 2681 Parvum
1466 2618 1745 2678 mundum
1765 2618 2078 2684 Hominem
2092 2641 2215 2680 esse
2236 2645 2253 2691 3

105 2749 384 2808 magnum
411 2726 725 2788 Hominem
748 2770 766 2802 ,
815 2725 1124 2792 Mundum.
1165 2753 1194 2780 υ
1227 2717 1557 2790 Macrobius
1584 2727 1739 2787 idem
1761 2770 1779 2802 ‚
1826 2726 2065 2788 totidem
2092 2748 2255 2808 paene

105 2833 302 2894 verbis
329 2833 430 2916 (Π
462 2835 523 2894 in
555 2833 751 2895 Somn.
783 2855 914 2915 cap.
963 2831 1078 2918 12)
1104 2857 1122 2891 ε
1156 2859 1184 2888 α
1214 2833 1448 2916 Physici
1476 2833 1761 2898 Mundum
1789 2879 1807 2910 ,
1832 2855 2103 2916 magnum
2126 2833 2254 2893 Ho-

107 2941 326 3005 minem
353 2939 626 3000 dixerunt
653 2963 670 3011 3
699 2951 756 3000 et
784 2939 1073 3002 hominem
1093 2983 1110 3015 ‚
1143 2939 1377 3003 brevem
1407 2940 1717 3000 Mundum.
1746 2967 1775 2994 υ
1806 2939 1961 3014 Quid
1979 2939 2093 3004 ita?
2120 2940 2255 3021 quia

111 3060 182 3107 ut
211 3047 305 3111 ille
329 3059 608 3112 rectorem
636 3047 696 3106 in
739 3068 801 3108 se
843 3047 1034 3110 Deum
1065 3047 1240 3108 habet
1264 3091 1282 3123 ,
1324 3049 1407 3108 sic
1452 3047 1624 3108 homo
1673 3047 1931 3108 divinum
1974 3048 2249 3108 animum.

111 3155 268 3230 Quid
296 3155 538 3238 amplius
561 3153 587 3212 ⁶?
609 3155 800 3213 omnia
825 3175 952 3235 quae
977 3153 1234 3214 Mundus
1254 3198 1272 3230 ,
1304 3154 1427 3215 sere
1455 3153 1627 3213 hahet
1652 3178 1668 3217 ε
1698 3166 1941 3236 quatuor
1966 3155 2027 3213 in
2049 3175 2112 3214 se
2134 3155 2257 3214 ele-

112 3273 302 3320 menta
328 3285 344 3333 3
373 3262 577 3343 capitis
607 3259 896 3341 quoddam
927 3259 1128 3320 caelum
1151 3283 1168 3330 3
1201 3261 1263 3318 in
1293 3281 1363 3320 eo
1392 3257 1748 3323 flammantes
1768 3259 1961 3319 oculos
1980 3303 1997 3334 ,
2022 3272 2089 3319 ut
2114 3262 2255 3320 stel-

109 3369 198 3428 las
228 3391 244 3425 ε
275 3369 453 3450 ipsam
481 3367 722 3428 formam
749 3365 1052 3427 rotundam
1076 3409 1095 3440 ‚
1127 3365 1221 3426 vel
1243 3366 1303 3424 in
1344 3367 1543 3426 matris
1569 3378 1735 3426 utero
1758 3389 1777 3438 3
1806 3365 1899 3426 vel
1924 3367 2042 3445 jam
2067 3365 2247 3442 liber,

111 3495 286 3556 quum
300 3472 530 3536 brachia
551 3485 610 3533 et
628 3472 808 3555 pedes
827 3471 1124 3554 expandit.
1149 3470 1336 3534 Linea
1355 3472 1511 3536 enim
1532 3473 1605 3531 ab
1627 3472 1897 3532 extremis
1911 3470 2025 3532 illis
2042 3471 2245 3548 ductae,

116 3579 324 3640 faciunt
343 3573 558 3659 justum
579 3579 702 3639 sere
726 3578 945 3638 orbem.
981 3577 1136 3654 Quid
1153 3621 1172 3654 ,
1199 3577 1355 3660 quod
1384 3580 1573 3645 omnia
1603 3601 1727 3662 quae
1748 3581 1811 3644 in
1832 3579 2054 3640 Mundo
2074 3591 2209 3639 sunt
2226 3622 2243 3651 ,

121 3687 240 3768 ipse
266 3687 514 3747 continet
532 3729 550 3761 ,
585 3697 644 3744 et
670 3686 731 3744 in
757 3683 952 3764 capaci
979 3683 1080 3744 illa
1109 3696 1302 3744 mente
1329 3683 1562 3766 gestat?
1592 3686 1672 3746 ita
1702 3697 1790 3745 est
1824 3708 1841 3745 ε
1879 3685 2031 3745 solus
2076 3683 2245 3742 homo

115 3793 397 3853 scientiam
443 3792 704 3853 omnium
747 3801 806 3848 et
833 3801 986 3848 amat
1007 3833 1026 3862 ,
1059 3802 1118 3850 ct
1142 3813 1248 3872 pro
1287 3802 1461 3872 captu
1488 3789 1681 3851 habet.
1714 3791 1870 3866 Quid
1898 3793 1951 3850 ei
1990 3791 2243 3850 clausum

117 3909 202 3958 est
225 3922 240 3969 3
261 3899 419 3959 caelos
447 3909 755 3981 penetrat,
781 3909 846 3956 et
871 3895 1058 3956 Deum
1089 3918 1156 3956 ac
1187 3895 1381 3958 divina
1415 3913 1606 3960 mente
1630 3898 1770 3959 adit.
1810 3897 2081 3959 Manilius
2102 3897 2241 3957 scite

113 4003 253 4086 (liI).
285 4003 402 4086 IV)
435 4031 452 4065 ε

711 4148 888 4165 ......
917 4111 1040 4182 quid
1063 4112 1242 4164 mirum
1265 4149 1280 4174 ,
1307 4129 1505 4164 noscere
1527 4111 1763 4162 Mundum
