2667 4475
823 298 1372 371 EPISTOLA
1418 300 1671 371 cxx,
2195 306 2329 400 317

151 436 358 529 ‘gisse
375 482 400 519 ‚
432 444 500 499 et
523 452 754 499 rerum
773 452 957 524 saepe
993 429 1322 499 factarum
1351 430 1535 499 inter
1560 454 1633 501 se
1658 430 1927 501 collatio
1958 456 1975 499 ε
2008 456 2135 527 per
2166 457 2333 501 ana·

165 554 424 642 logiam
445 547 664 615 nostri
683 545 1104 615 intellectum
1124 560 1195 614 et
1211 546 1573 617 honestum
1596 563 1667 616 et
1679 548 1935 617 bonum
1962 553 1978 584 ¹
1986 547 2326 643 judicant.

165 668 326 735 Hoc
385 663 678 734 verbum
735 686 945 755 quum
998 659 1196 731 vlatini
1249 664 1688 733 Grammatici
1729 665 2006 735 civitate
2040 663 2333 735 donave-
2386 699 2419 765 4

163 772 406 867 rint'2,
435 805 566 875 ego
592 779 1052 849 damnandum
1081 802 1224 848 nou
1249 794 1417 873 puto
1440 830 1461 861 ‚
1486 804 1617 849 nec
1648 783 1722 849 in
1744 783 2085 851 civitatem
2104 774 2335 853 ³suam

163 897 634 992 redigendum
678 923 694 963 z
737 912 895 963 utar
932 918 1100 989 ergo
1147 895 1264 963 illo
1297 943 1317 979 ,
1367 920 1507 965 non
1553 910 1815 966 tantum
1855 913 2173 992 tanquam
2221 922 2338 969 re·-

161 1028 378 1106 cepto
398 1005 457 1097 ⁴,
495 1008 618 1078 sed
645 1024 968 1101 tanquam
1009 1010 1281 1077 usitato·
1321 1010 1498 1102 Quae
1533 1011 1621 1078 sit
1656 1011 1805 1080 haec
1832 1016 2154 1105 analogia
2161 1059 2187 1095 ,
2217 1014 2338 1081 di·-

160 1152 352 1197 cam.
377 1129 795 1197 Noveramus
817 1127 1128 1219 corporis
1148 1126 1543 1214 sanitatem3
1576 1150 1657 1195 ex
1672 1126 1805 1196 hae
1824 1119 2330 1221 ⁵cogitavimus,

163 1266 328 1313 esse
367 1243 668 1336 aliquam
693 1257 764 1311 et
789 1243 1028 1312 animi.
1061 1244 1485 1311 Noveramus
1516 1244 1826 1336 corporis
1847 1245 2065 1330 vires3
2110 1268 2192 1313 ex
2226 1245 2337 1313 his
2438 1260 2442 1265 ·

162 1359 583 1453 collegimus
605 1354 632 1395 ⁶
655 1409 674 1442 ,
707 1382 854 1427 esse
879 1374 949 1427 et
979 1359 1190 1427 animi
1219 1356 1458 1425 robur.
1495 1355 1747 1450 Aliqua
1785 1357 2088 1452 benigna
2116 1358 2330 1442 facta,

157 1478 410 1570 aliqua
437 1476 736 1544 humana
759 1525 780 1559 ,
822 1475 1054 1567 aliqua
1089 1476 1331 1559 fortia,
1375 1498 1502 1543 nos
1526 1474 2157 1569 obstupefecerant3
2194 1476 2339 1547 haec

153 1593 509 1687 coepimus
529 1600 867 1683 'tanquam
899 1592 1206 1685 perfecta
1238 1591 1503 1658 mirari.
1530 1590 1873 1659 Suberant
1906 1592 2085 1661 illis?
2126 1594 2338 1663 multa
2389 1634 2421 1687 5

149 1709 380 1791 vitia,
417 1730 569 1799 quae
590 1708 870 1799 'species
903 1706 1259 1799 conspicui
1291 1705 1583 1798 alicujus
1624 1707 1783 1774 facti
1825 1706 2191 1803 fulgorque
2230 1734 2340 1779 ce-

149 1818 394 1910 'labat3
415 1821 564 1891 haec
581 1822 1175 1891 dissimulavimus.
1193 1822 1668 1915 Naturajubet
1680 1847 1936 1917 augere
1956 1823 2294 1894 laudanda
2312 1855 2331 1913 3

153 1962 380 2007 ‘nemo
405 1962 546 2007 non
581 1937 869 2032 gloriam
891 1938 1072 2007 ultra
1092 1961 1330 2006 verum
1359 1938 1521 2005 tulit
1552 1964 1567 2004 ε
1601 1962 1685 2007 ex
1710 1940 1821 2010 his
1848 1965 2015 2035 ergo
2042 1944 2337 2035 speciem

175 2057 493 2151 ingentis
531 2053 696 2123 boni
735 2054 1087 2123 traximus.
1128 2049 1490 2126 Fabricius
1510 2047 1537 2091 ⁸
1582 2058 1835 2149 Pyrrhi
1870 2063 2057 2152 regis
2093 2084 2337 2130 aurum

243 2298 291 2330 1.
317 2273 430 2329 Per
457 2276 765 2345 analogiam
788 2279 952 2329 nosen·
971 2278 1212 2328 intellec—
1308 2290 1457 2330 scunt
1470 2314 1485 2342 ,
1508 2289 1695 2330 temere
1716 2279 1939 2350 primum
1959 2281 2145 2335 omissa
2163 2285 2340 2336 eratin

167 2367 294 2410 tum
317 2366 368 2409 et
389 2353 658 2410 honestum
679 2367 731 2409 et
751 2355 944 2410 bonum
977 2359 1215 2421 iudicant
1311 2354 1391 2406 ed.
1418 2354 1535 2428 maj.
1561 2355 1729 2410 Elsev.
1764 2357 1890 2427 1572
1920 2372 1971 2413 et
1996 2360 2115 2413 dein
2137 2361 2192 2414 in
2208 2360 2338 2415 aliis.

163 2441 188 2504 (
209 2437 263 2490 id
309 2449 410 2502 est,
447 2435 622 2491 Nostri
665 2435 826 2490 Stoici
865 2435 1093 2508 judicant
1109 2475 1124 2503 ,
1165 2447 1216 2488 et
1310 2431 1479 2486 Schw.

164 2516 448 2570 honestum
490 2527 542 2567 et
573 2514 771 2567 bonum
807 2533 896 2587 per
921 2512 1212 2587 analogiam
1378 2514 1426 2566 5.
1454 2513 1557 2566 Ex
1592 2515 1695 2568 hac
1726 2516 2079 2585 cogitavimus.
2114 2516 2201 2570 Sic
2228 2517 2280 2570 b.
2305 2517 2340 2570 1.

173 2593 502 2646 intellectum
525 2591 590 2645 ab
612 2593 908 2646 hominibus
931 2595 1071 2658 esse)
1103 2613 1114 2643 :
1140 2591 1212 2645 sic

170 2672 334 2746 plane
378 2683 429 2723 et
463 2671 822 2743 percommode
855 2692 908 2723 a.
943 2691 984 2725 c.
1014 2670 1086 2722 R.
1116 2661 1212 2722 n'ee

171 2751 327 2804 aliud
367 2771 396 2804 e
433 2751 538 2804 suis
563 2750 712 2803 codd.
743 2750 952 2824 protulit
982 2750 1129 2803 Pine.
1164 2761 1216 2802 et

177 2829 514 2882 consentiunt
543 2829 751 2882 Gruteri
776 2830 924 2882 codd.
957 2843 1007 2882 et
1031 2829 1110 2882 ed.
1138 2835 1211 2881 A.

170 2907 282 2962 nisi
311 2909 453 2978 quod
476 2907 534 2959 in
569 2906 652 2960 bis
677 2925 938 2980 perperam
975 2909 1214 2960 intellec-

171 2996 264 3042 rus
305 3007 398 3060 pro
451 2989 764 3040 intellectum
807 2987 1058 3040 scribitur.
1097 2987 1211 3038 Ea-

171 3066 301 3120 dem
334 3063 543 3134 quidem
581 3064 834 3118 sententia
855 3104 870 3131 ,
902 3065 992 3118 sed
1023 3075 1206 3137 preter

171 3143 428 3196 rationem
457 3142 664 3196 mutatis
696 3141 862 3196 verbis
887 3163 946 3195 ex
971 3142 1210 3196 Pinciani

171 3221 468 3292 coniectura
483 3260 498 3286 ,
523 3221 582 3274 in
607 3221 730 3275 inde
760 3243 791 3275 a
824 3222 960 3276 Mur.
985 3222 1056 3275 sic
1078 3220 1210 3275 ede·-

175 3302 334 3354 batur
363 3317 489 3368 :per
508 3302 816 3368 analogiam
845 3308 1022 3352 nostro
1046 3302 1211 3352 intel-

172 3383 312 3433 teau
351 3388 402 3432 et
438 3377 706 3430 honestum
737 3386 788 3430 et
824 3375 1016 3428 bonum
1051 3377 1214 3441 '‘adr'-

180 3466 352 3512 cante.
375 3454 538 3509 Schw.

248 3553 295 3584 2.
324 3533 544 3586 Ciuitate
563 3533 878 3585 donaveram.
896 3531 1015 3582 Jam
1030 3529 1212 3584 Cicero

175 3611 371 3681 aliique
414 3608 515 3662 boc
555 3608 744 3675 verbo,
787 3610 1091 3678 Analogia,
1131 3608 1212 3661 usi

176 3702 312 3744 sunt.
356 3687 438 3740 Cf.
477 3685 726 3758 Stephani
769 3687 1010 3740 Thesaur.
1047 3689 1106 3740 1..
1154 3687 1210 3738 L.

175 3765 362 3820 Ruhk.

242 3844 292 3897 3.
307 3843 420 3897 Nec
435 3845 493 3894 in
505 3843 760 3896 civitatem
772 3862 946 3896 suam.
967 3843 1007 3894 1.
1025 3861 1067 3896 e.
1086 3860 1210 3914 graz-

175 3942 290 3976 eam
311 3921 646 3992 rede'gendum
659 3958 674 3985 ‚
699 3919 1067 3993 repellendum.
1086 3919 1160 3972 R.

243 4003 274 4068 4
311 3999 442 4052 Non
467 4009 674 4052 tantum
711 4009 968 4068 tanquam
1001 4008 1208 4068 recepto.

173 4079 290 4130 Vox
305 4086 534 4140 tansum,
553 4095 708 4147 quam
726 4076 844 4130 libri
861 4095 1036 4130 omnes
1051 4095 1214 4149 agno-

1308 2610 1364 2642 o.
1385 2589 1457 2641 R.
1477 2603 1525 2643 et
1543 2595 1834 2660 cogitamus
1852 2613 1895 2647 c.
1916 2594 1989 2647 A.
2009 2613 2117 2646 non
2134 2597 2343 2666 colleg·-

1309 2689 1433 2723 mus
1446 2708 1461 2735 ,
1486 2684 1543 2722 ut
1562 2671 1737 2745 vulgo.
1758 2671 1919 2726 Selom.

1376 2748 1425 2800 5.
1444 2751 1775 2817 College’mus.
1799 2753 1950 2805 Recte
1973 2749 2057 2802 ed.
2078 2749 2271 2804 Erasm-
2291 2764 2343 2805 et

1311 2845 1599 2959 'aff-5¹5⁰
1620 2827 1739 2956 ἷαΙ.
1769 2849 1815 2894 ι,
1844 2849 1892 2882 2.
1915 2829 2253 2899 Colligimus,
2286 2849 2341 2881 ο.

1305 2924 1349 2958 c.
1428 2947 1443 2958 .
1520 2942 1533 2955 .
1592 2925 1619 2958 c
1654 2924 1714 2957 w.

1376 3003 1424 3048 ⁷·
1462 2983 1723 3036 Subemm
1751 2985 1876 3037 iuis.
1920 2983 2053 3053 Quo
2096 2997 2339 3054 tanquam

1306 3062 1522 3133 perfecta
1543 3061 1720 3114 mirari
1742 3079 2071 3135 coeperamus,
2098 3076 2193 3116 etc.
2218 3062 2290 3116 R.

1372 3138 1419 3191 8.
1448 3139 1727 3192 Fabricius
1747 3139 1837 3192 rel.
1858 3141 2050 3193 Narrat
2069 3140 2180 3194 hoee
2202 3161 2343 3212 quo-

1307 3234 1406 3285 que
1430 3215 1609 3268 eadem
1626 3219 1730 3272 fere
1748 3217 1942 3271 ratione
1965 3219 2266 3273 Plutarchus
2283 3222 2341 3273 in

1311 3294 1499 3368 Pyrrhi
1518 3295 1640 3359 vita,
1665 3316 1707 3350 c.
1730 3317 1813 3362 ao,
1828 3315 1907 3350 αι.
1928 3297 2062 3350 Livii
2082 3299 2273 3352 mentio
2293 3313 2341 3352 et

1309 3371 1531 3424 narratio
1558 3372 1753 3426 harum.
1781 3394 1954 3428 rerum
1990 3375 2177 3446 injuria
2203 3390 2339 3430 tem·-

1307 3449 1444 3524 poris
1470 3451 1635 3524 periit.
1667 3452 2199 3526 Ruhk——Eutropius
2235 3455 2339 3509 duo

1307 3529 1398 3582 illa
1422 3528 1659 3602 proeclara
1687 3529 1913 3584 Fabricii
1952 3547 2123 3587 narrat
2147 3535 2341 3589 Histor.

1309 3609 1464 3661 Rom.
1488 3606 1703 3662 breviar.
1738 3608 1827 3662 lib.
1857 3611 1938 3676 11,
1966 3629 2071 3684 cap.
2102 3631 2159 3664 ιο
2186 3625 2237 3665 et
2264 3617 2341 3682 14.

1313 3706 1341 3732 α
1361 3687 1537 3739 Unum
1569 3705 1627 3738 ea
1647 3686 1827 3760 legatis
1850 3690 2197 3742 Romanorum
2226 3691 2273 3744 F
2274 3711 2341 3746 a·-

1305 3764 1523 3818 bricium
1548 3765 1623 3820 sic
1662 3767 1938 3820 admiratus
1961 3768 2253 3842 (Pyrrhus),
2282 3789 2341 3824 ut

1307 3862 1469 3913 quum
1507 3862 1623 3895 eum
1675 3863 1946 3918 pauperem
1993 3865 2099 3898 esse
2144 3867 2340 3920 cogno·-

1307 3918 1487 3984 visset,
1519 3934 1694 3990 quarta
1725 3935 1861 3994 parte
1890 3923 2037 3994 regni
2059 3926 2335 3993 promissa,

1307 3998 1581 4052 sollicitare
1590 3998 1809 4053 voluerit
1824 4039 1839 4064 ‚
1858 4013 1914 4052 ut
1928 4001 1990 4054 ad
2005 4021 2055 4054 se
2072 4001 2336 4057 transiret:

1309 4089 1724 4150 contemptusque
1752 4098 1780 4130 a
1811 4079 2047 4132 Fabricio
2070 4091 2213 4134 est...
2235 4083 2338 4134 lu-
