2667 4475
443 372 928 445 PHYSIOL.
981 368 1485 449 s'rmcolt.
1534 375 1732 447 LIB.
1782 377 1895 447 11.
2107 376 2243 451 603

95 532 296 593 terra,
327 538 455 599 qun
497 519 764 579 colina-a
807 518 1013 593 vohis,
1040 532 1286 603 angusta
1325 520 1680 594 verticibus,
1717 518 1991 579 lateribus
2033 518 2246 596 latior,

93 644 285 705 parva
315 623 577 703 quedam
605 635 694 685 est
723 624 910 683 insula
933 666 952 698 ,
983 624 1327 687 cimumfusa
1352 626 1455 686 illo
1480 626 1629 685 mari
1658 624 1817 707 quod
1854 623 2201 687 Atlanticum
2228 669 2247 701 ‚

93 730 264 811 qnod
287 729 564 813 Magnum
588 774 606 805 ,
631 752 806 813 quem
835 729 1128 791 Oceanum
1147 732 1383 793 vocatis.
1414 758 1445 787 n
1470 732 1705 793 Summa
1726 742 1813 791 est
1836 754 1854 789 ε
1884 756 1913 785 α
1940 730 2068 791 Non
2090 754 2207 791 uno
2228 774 2247 807 ,

91 836 206 896 sed
239 837 468 919 gemino
509 834 722 897 Oceani
764 836 983 897 ambitu
1005 880 1024 911 ,
1055 848 1218 899 terroe
1251 858 1459 919 corpus
1490 858 1663 897 omne
1694 832 2042 913 circumflui.
2074 836 2252 918 Cujus

95 944 326 1025 primus
347 985 365 1017 ‚
397 944 617 1025 inquit,
651 954 872 1004 meatus
903 956 1022 1019 est,
1059 945 1161 1026 qui
1196 945 1272 1017 ab
1301 944 1535 1004 indocto
1564 940 1863 1003 hominum
1889 962 2101 1025 genere
2138 964 2255 1003 ne-

93 1052 281 1111 scitur
308 1074 324 1123 ;
353 1062 526 1133 atque
547 1073 615 1112 ea
635 1073 844 1112 corona
867 1096 884 1126 ‚
913 1073 1022 1134 per
1039 1074 1243 1113 zonam
1273 1064 1439 1112 terroe
1461 1050 1707 1111 calidam
1730 1061 1885 1110 meat
1912 1094 1929 1124 ,
1959 1051 2254 1132 superiora

91 1170 383 1221 terrarum
411 1170 472 1218 et
507 1158 776 1225 inferiora
804 1161 1040 1242 cingens
1058 1203 1076 1235 ,
1110 1158 1327 1220 flexum
1361 1158 1501 1219 circi
1526 1156 1961 1240 AEquinoctidia
2003 1158 2247 1218 imitata.

91 1264 192 1322 Ab
219 1262 454 1323 Oriente
495 1284 634 1323 vero
664 1263 807 1324 dnos
837 1264 996 1324 sinus
1029 1262 1284 1325 refundit
1305 1308 1322 1339 ,
1362 1283 1545 1323 unum
1574 1262 1651 1323 ad
1692 1264 2113 1323 extremitatem
2148 1262 2255 1323 Se-

91 1373 458 1451 ptemtrionis
483 1416 500 1446 ,
533 1373 610 1434 ad
657 1372 936 1432 Australis
982 1374 1224 1434 alterum
1270 1394 1290 1432 2
1331 1392 1645 1453 rursusque
1674 1370 1749 1431 ab
1790 1368 2103 1431 Occidente
2138 1370 2254 1431 duo

92 1479 318 1558 pariter
345 1492 692 1541 enascuntur
732 1482 890 1540 sinus
913 1522 932 1554 ,
961 1480 1063 1562 qui
1091 1500 1280 1561 usque
1319 1480 1397 1541 ad
1436 1478 1633 1539 ambas
1656 1519 1674 1551 ,
1710 1498 1855 1558 quas
1884 1496 2058 1557 supra
2089 1475 2255 1535 dixi·-

91 1604 228 1645 mus
253 1628 270 1657 ,
303 1586 686 1645 extremitates
711 1584 890 1645 refusi
915 1628 932 1660 ,
967 1596 1274 1645 occurrunt
1313 1586 1389 1645 ab
1420 1584 1657 1644 Oriente
1690 1581 1973 1642 demissis.
2006 1580 2085 1641 Et
2113 1580 2251 1641 dum

93 1690 152 1753 vi
176 1710 401 1749 summa
416 1734 433 1763 ‚
459 1704 518 1751 et
537 1692 756 1772 impetu
775 1690 1112 1751 immaniore
1133 1690 1445 1750 miscentur
1468 1732 1485 1763 ‚
1520 1688 1887 1769 invicemque
1908 1708 1971 1747 se
1996 1684 2208 1747 feriunt
2230 1728 2249 1761 ,

93 1816 170 1853 ex
193 1796 320 1875 ipsa
341 1818 618 1877 aquarum
643 1796 934 1857 collisione
961 1798 1214 1857 nascitur
1233 1796 1332 1856 illa
1352 1794 1569 1855 famosa
1589 1794 1803 1855 Oceani
1826 1794 2075 1855 accessio
2092 1794 2255 1875 pari-

91 1913 188 1963 ter
211 1914 272 1962 et
297 1904 563 1963 recessio.
589 1928 618 1956 n
645 1902 780 1977 Post
803 1924 985 1984 pauca
1018 1902 1230 1963 deinde
1263 1925 1284 1961 ε
1309 1928 1339 1956 σι
1366 1902 1510 1961 Tam
1540 1902 1717 1984 igitur
1740 1902 1867 1982 ipse
1886 1942 1903 1975 ‚
1924 1901 2027 1983 qui
2042 1899 2255 1981 AEqui-

91 2008 404 2068 noctialem
426 2052 443 2084 ,
471 2030 645 2089 quam
664 2009 824 2068 sinus
842 2030 916 2068 ex
941 2030 1010 2067 eo
1030 2009 1150 2068 nati
1170 2052 1188 2084 ‚
1211 2009 1313 2090 qui
1331 2008 1706 2068 Horizontem
1736 2007 2015 2067 circulum
2038 2006 2255 2067 ambitu

90 2134 212 2171 suae
243 2112 504 2174 flexionis
531 2116 825 2177 imitantur
848 2159 865 2191 ,
899 2136 1128 2177 omnem
1157 2128 1370 2177 terram
1398 2112 1807 2196 quadrifariam
1844 2113 2111 2175 dividunt
2145 2134 2163 2171 ε
2194 2124 2255 2174 et

91 2222 351 2304 singulas
386 2220 768 2283 habitationes
803 2223 1017 2284 insulas
1040 2221 1276 2284 faciunt.
1303 2221 1447 2282 Ideo
1466 2220 1689 2282 Tullius
1712 2218 1833 2280 baec
1854 2218 2055 2281 volens
2077 2218 2253 2280 intel-

88 2327 238 2408 ligi,
280 2349 398 2385 non
431 2325 580 2386 dixit
621 2349 640 2386 ε
691 2329 891 2388 Omnis
947 2339 1100 2404 terr-q
1142 2349 1325 2407 pma
1370 2327 1632 2408 quadam
1693 2336 1781 2386 est
1816 2327 2002 2388 insula
2035 2348 2055 2386 .·
2096 2325 2244 2399 sed,

93 2433 304 2494 omnis
343 2441 494 2491 ten-a
518 2478 534 2502 ‚
585 2453 710 2516 quoe
749 2436 952 2495 colitia-
987 2457 1027 2494 a
1065 2433 1220 2494 vobis
1258 2456 1279 2493 .·
1315 2435 1455 2514 quia
1500 2435 1559 2493 et
1603 2431 1839 2516 singulm
1890 2432 1965 2492 de
2006 2445 2250 2513 quatuor

89 2535 542 2598 habitationibus
582 2559 766 2620 parvae
796 2539 1053 2620 quaedam
1081 2537 1409 2600 efficiuntur
1439 2539 1635 2598 insule
1660 2582 1677 2612 ,
1715 2537 1947 2599 Oceano
1975 2539 2069 2598 bis
2106 2559 2203 2599 eas
2224 2581 2245 2614 ‚

90 2658 160 2705 ut
209 2643 464 2703 diximus
489 2688 506 2719 ‚
545 2645 850 2705 ambiente.
887 2671 916 2700 ι»
949 2645 1150 2707 Strabo
1185 2645 1302 2706 haec
1343 2647 1639 2706 confirmat
1670 2644 1813 2728 (lib.
1846 2644 1923 2730 1)
1957 2667 1975 2704 ε
2015 2671 2043 2700 οι
2078 2645 2250 2722 Quod

89 2753 284 2812 omnis
299 2751 554 2812 habitata
571 2753 741 2813 tellus
757 2753 945 2814 insula
965 2755 1040 2814 sit
1055 2796 1072 2827 ‚
1097 2754 1347 2835 primum
1360 2752 1600 2835 quidem
1619 2773 1793 2814 sensu
1812 2764 1872 2814 et
1892 2753 2249 2835 experientia

91 2859 392 2930 docemur.
437 2859 812 2942 Quacumque
843 2862 998 2922 enim
1043 2883 1242 2922 versus
1273 2861 1438 2922 licuit
1482 2861 1808 2922 hominibus
1852 2862 2137 2944 libuitqne
2176 2860 2253 2921 ad

91 2966 297 3024 ultima
325 2977 490 3026 teme
524 2967 794 3050 progredi
817 3011 836 3043 ,
873 2989 1034 3028 mare
1065 2969 1363 3030 inventum
1398 2980 1485 3028 est
1506 3012 1523 3042 ,
1550 2968 1707 3051 quod
1730 2967 2025 3028 Oceanum
2049 2967 2257 3050 appel-

95 3071 304 3132 lamus.
337 3099 365 3124 »
405 3073 497 3132 Ab
535 3077 722 3149 omni,‘
753 3077 942 3158 inquit
963 3119 980 3151 ,
1012 3075 1190 3138 latere
1228 3073 1461 3137 Oceano
1486 3076 1808 3136 claudimur
1841 3099 1861 3135 ε
1897 3089 1954 3136 et
1984 3089 2072 3136 est
2114 3097 2253 3160 ergo

97 3178 302 3239 bifaria
334 3179 432 3239 illa
461 3180 665 3242 divisio
707 3183 859 3243 dicta
902 3206 920 3242 z
957 3205 1131 3264 quam
1171 3195 1228 3242 et
1266 3175 1463 3263 postea
1494 3183 1706 3266 ingerit
1724 3225 1741 3256 ,
1782 3195 2109 3264 terramque
2132 3227 2149 3257 ,
2181 3196 2249 3245 ut

97 3287 426 3348 Macrobius
452 3334 471 3365 ‚
526 3289 932 3372 quadrifariam
980 3303 1154 3352 secat.
1195 3289 1471 3352 Boethius
1512 3291 1623 3352 hoc
1662 3293 1853 3372 ipsum
1896 3289 2039 3374 (lib.
2075 3291 2187 3374 11)
2230 3315 2248 3350 =

103 3421 130 3452 κ
160 3395 350 3455 Terrae
377 3409 578 3478 quarta
606 3396 726 3458 fere
753 3400 941 3480 portio
976 3412 1064 3459 est
1085 3443 1104 3474 ‚
1144 3419 1270 3481 quae
1305 3420 1343 3459 a
1378 3398 1545 3459 nobis
1586 3398 1829 3481 cognitis
1866 3399 2251 3459 animantibus

97 3502 398 3563 incolatur.
436 3529 464 3556 n
496 3504 549 3563 A
579 3503 744 3564 nobis
783 3506 1072 3588 cognitis?
1107 3507 1224 3577 ita;
1267 3507 1405 3588 quia
1432 3527 1467 3565 a
1508 3518 1703 3566 nostro
1735 3504 1845 3564 boc
1884 3504 2201 3586 quadrante
2226 3549 2244 3578 ‚

99 3609 218 3670 sive
243 3609 532 3670 Strabonis
557 3616 910 3696 τετραπλεύρῳ
935 3656 954 3688 ,
977 3615 1038 3672 in
1065 3613 1203 3673 alios
1234 3635 1493 3673 accessus
1521 3634 1638 3673 non
1662 3624 1749 3672 est
1766 3656 1784 3686 ‚
1822 3611 1918 3672 vel
1948 3612 2023 3672 ob
2042 3631 2241 3673 zonam

97 3715 368 3775 torridam
389 3758 406 3791 ‚
440 3716 536 3776 vel
574 3715 650 3778 ob
689 3729 847 3777 vasta
887 3721 1067 3779 maria
1107 3721 1425 3802 interjecta.
1451 3719 1534 3779 Ut
1568 3731 1823 3780 veterum
1851 3717 2083 3800 plurimi
2106 3719 2243 3798 qui-

99 3819 230 3881 dem
261 3823 586 3885 censebant.
619 3825 673 3884 N
675 3845 768 3884 am
801 3835 993 3885 nostra
1025 3825 1144 3886 haec
1175 3839 1308 3887 aetas
1343 3825 1611 3886 refutavit
1634 3870 1651 3900 ,
1686 3825 1994 3906 docuitque
2044 3835 2104 3882 et
2127 3823 2239 3883 coli

97 3926 392 3990 Tou-idam
412 3974 430 4005 ,
466 3944 527 3992 et
561 3931 746 4005 adiri3
779 3933 1030 4013 itemque
1061 3933 1200 3994 alios
1236 3933 1495 3993 laterales
1524 3945 1756 3993 tractus.
1792 3931 1931 3991 Dixi
1960 3929 2237 4010 plurimos

97 4049 352 4099 veterum
377 4062 392 4110 ;
413 4061 602 4121 neque
621 4041 776 4101 enim
796 4061 996 4100 omnes
1019 4063 1290 4102 censuere
1317 4066 1333 4114 ;
1356 4052 1415 4101 et
1434 4040 1771 4101 Posidonius
1786 4037 2009 4098 Stoicus
2036 4048 2233 4119 aperte

100 4138 296 4224 (apud
338 4143 744 4227 Cleomedem)
779 4145 1039 4224 disserit,
1101 4173 1129 4201 «
1164 4147 1334 4208 clima
1365 4148 1473 4208 mh
1507 4145 1813 4227 &uidi-11
1856 4155 2232 4227 temperatum
