2667 4475
508 322 988 393 Panlon.
1039 308 1549 395 STolcon.
1600 326 1799 395 mn.
1848 328 1907 394 1.
2138 332 2272 415 ⁵43

127 472 436 531 Sacrorum
457 478 778 527 nemorum
795 504 814 541 ,
839 467 902 525 in
921 486 986 526 re
1007 465 1112 527 hac
1131 486 1320 542 sacra,
1347 487 1465 527 non
1485 469 1691 551 sapim
1710 469 2007 543 advocari3
2042 470 2105 531 id
2120 490 2283 555 quo-

123 596 250 658 que
277 575 546 637 mirabar.
581 573 728 634 Nam
757 574 976 655 absque
1003 594 1072 633 ea
1095 616 1112 647 ,
1143 594 1252 635 nec
1279 572 1554 648 credens,
1576 588 1644 635 nt
1666 576 1749 643 aie
1782 574 2003 651 dicam,
2026 578 2277 639 credam.

129 684 294 744 Lira.
319 680 472 765 Ergo
496 682 632 742 alibi
654 681 882 765 aliquid*
895 680 1135 764 ambigis
1155 682 1179 741 ?
1207 702 1409 764 prome
1434 704 1451 740 ε
1480 681 1715 745 fortasse
1734 684 2101 745 confirmabo.
2124 685 2275 747 Aun.

129 790 262 875 Ego
287 812 426 853 vero
451 812 470 851 ε
496 782 748 873 primum
777 791 838 849 in
865 791 1150 873 principio
1173 804 1232 851 et
1251 790 1489 853 conditu
1516 792 1753 852 istorum
1774 790 2110 855 Geniorum.
2142 788 2285 855 Euae

125 900 332 960 dixisti
363 920 381 957 z
414 898 520 959 sed
551 902 666 980 quo
696 897 964 957 auctore?
993 916 1110 979 qua
1136 899 1371 958 materie
1390 942 1407 971 ,
1442 910 1539 957 aut
1568 900 1696 959 sine
1726 900 1837 959 ea?
1870 912 1929 960 et
1962 900 2121 962 unde
2150 906 2287 985 qui-

125 1005 378 1066 busdam
403 1006 522 1065 hcc
551 1006 838 1087 pravitas?
861 1006 1216 1065 Divisionem
1249 1005 1461 1065 deinde
1487 1006 1714 1081 dixisti,
1744 1020 1801 1067 et
1828 1028 2069 1069 munera
2094 1030 2113 1067 ε
2144 1010 2285 1091 qnid

125 1134 282 1196 opus
299 1114 422 1173 istis
449 1125 534 1173 tot
555 1130 830 1195 generum
849 1112 1007 1172 velut
1023 1111 1266 1190 Adjuvia
1283 1112 1370 1171 illi
1390 1112 1648 1173 omnium
1669 1117 1887 1194 potenti
1912 1115 2287 1198 Imperatori?

131 1220 250 1281 Per
270 1238 350 1280 ae
367 1220 650 1301 numquid
671 1217 880 1281 suffieit
895 1262 912 1291 ,
943 1218 1174 1299 publice
1203 1219 1585 1300 privatimque
1607 1263 1624 1292 ,
1650 1218 1817 1279 Mens
1848 1222 1945 1280 illa
1962 1242 2072 1303 per
2094 1224 2285 1283 omnia

128 1328 342 1387 diffiisa
359 1368 379 1399 ‚
401 1326 592 1385 omnia
615 1324 978 1407 gobernare?
997 1320 1134 1383 Hoec
1162 1336 1355 1384 oratus
1380 1324 1619 1406 expedi3
1642 1326 1823 1387 sicubi
1848 1326 2019 1386 etiam
2038 1326 2251 1387 boesero
2264 1372 2281 1401 ‚

125 1432 406 1493 orandus.
457 1430 615 1491 Lxrs.
668 1431 950 1513 Cymbam
991 1430 1294 1514 alligabam
1331 1452 1349 1489 ε
1384 1432 1557 1491 solvis
1578 1474 1596 1506 ‚
1630 1444 1689 1492 et
1730 1435 1791 1491 in
1826 1434 2033 1493 fluctus
2074 1435 2282 1495 iterum

125 1540 392 1601 deducis.
421 1539 693 1599 Pal-eatur
717 1540 859 1613 tibi,
883 1552 1054 1621 atque
1074 1542 1244 1599 etiam
1265 1552 1601 1623 argumento
1628 1564 1645 1611 3
1666 1541 1823 1623 quod
1842 1554 2081 1602 tractare
2104 1564 2283 1623 quum

125 1649 412 1729 coepimua
437 1690 454 1721 ,
489 1646 952 1730 pertractandum
978 1660 1082 1707 est.
1110 1646 1326 1721 Quaeris
1346 1646 1627 1729 originem
1649 1691 1666 1720 ,
1690 1661 1747 1707 et
1770 1662 2059 1709 auctorem
2076 1648 2283 1710 borum

123 1754 472 1815 Geniorum.
509 1752 857 1814 Auctorem?
899 1765 960 1813 et
987 1774 1194 1835 quun,
1239 1753 1351 1812 nisi
1388 1752 1553 1814 illum
1582 1755 1841 1815 omnium
1884 1755 2117 1815 Deum?
2148 1756 2281 1838 Ipse

123 1860 392 1923 condidit
420 1882 438 1919 ε
474 1874 606 1921 ante
633 1862 832 1921 orbem
855 1901 873 1934 ‚
909 1874 968 1921 et
989 1882 1162 1921 omne
1187 1880 1334 1942 opus
1360 1884 1377 1931 3
1417 1882 1493 1920 an
1523 1862 1713 1921 statim
1742 1862 1817 1921 ab
1846 1863 1987 1923 orbe
2010 1884 2027 1932 ς
2074 1863 2286 1945 ‹lispo-

125 1983 258 2031 tant
285 1968 560 2051 Tbcologi
586 1990 604 2027 ε
639 1990 774 2027 nam
806 1967 979 2028 Sacra
1007 1968 1306 2027 siluerunt.
1342 1966 1511 2040 Quod
1542 1982 1673 2027 ante
1700 1968 1989 2029 hominem
2004 2012 2021 2043 ‚
2054 1970 2117 2030 id
2146 1992 2288 2031 con—

125 2076 392 2136 sentimt
412 2096 430 2133 ε
453 2086 512 2133 et
532 2072 716 2133 Graeci
738 2071 858 2133 fere
878 2074 1049 2133 etiam
1074 2116 1091 2147 ,
1121 2072 1279 2155 quod
1297 2084 1432 2132 ante
1450 2094 1681 2133 omnem
1706 2084 2023 2137 creaturan
2055 2098 2072 2133 ε
2102 2102 2130 2129 οι
2160 2076 2287 2137 De-

125 2182 301 2243 cebat
327 2182 481 2242 enim
501 2182 690 2263 primo
715 2179 1166 2240 Intellectualem
1191 2179 1567 2240 substantiam
1590 2180 1792 2255 condi,
1818 2195 1874 2242 et
1893 2194 2015 2242 tum
2040 2182 2287 2264 denique

126 2289 414 2351 Sensilem
441 2313 470 2341 a
507 2311 524 2346 z
555 2301 622 2346 ut
652 2287 894 2348 adstruit
921 2309 994 2348 ex
1024 2285 1302 2369 Gregorio
1332 2287 1693 2346 Nazianzeno
1722 2287 2131 2350 Damascenus.
2162 2288 2287 2370 (De

128 2393 280 2458 Fide
312 2394 415 2454 lib.
452 2393 481 2452 I
505 2436 522 2467 ,
555 2415 682 2475 cap.
723 2391 826 2473 3.)
868 2391 1138 2452 Condidit
1173 2405 1366 2452 autem
1394 2393 1514 2452 sola
1542 2393 1879 2474 cogitatione
1914 2416 1933 2452 ε
1973 2406 2145 2475 atque
2174 2417 2240 2454 ea
2268 2437 2287 2470 ‚

125 2521 284 2581 opus
297 2499 384 2558 illi
405 2497 534 2558 fuit.
554 2499 646 2558 De
664 2497 906 2558 Materie
927 2496 1138 2557 deinde
1159 2497 1387 2578 quaeris.
1412 2495 1781 2580 Theologiam
1805 2509 2053 2558 nostram
2075 2541 2092 2572 ,
2116 2497 2179 2558 id
2202 2512 2288 2560 est

125 2625 332 2666 veram
355 2648 373 2679 ‚
404 2606 454 2663 si
476 2603 720 2664 attendis
737 2647 754 2678 ‚
779 2627 896 2663 non
915 2605 1149 2664 habeut.
1175 2603 1419 2684 Spiritus
1444 2615 1502 2662 et
1522 2603 1715 2664 Animi
1744 2616 1877 2664 sunt
1900 2649 1916 2677 ‚
1940 2604 2283 2687 incorporei.

125 2713 198 2774 Si
227 2711 577 2772 Platonicam
605 2735 620 2783 ;
653 2733 893 2792 corpora
924 2723 1056 2770 sunt
1078 2755 1094 2784 ,
1123 2725 1181 2771 et
1214 2710 1450 2793 quidem
1482 2713 1685 2772 Aerea.
1718 2710 1895 2771 Haud
1922 2713 2091 2795 longe
2126 2732 2159 2772 a
2178 2733 2294 2772 nu-

127 2820 298 2878 bium
337 2819 700 2878 concretione
733 2839 750 2874 =
785 2818 898 2876 nisi
949 2817 1105 2898 quod
1158 2844 1186 2870 «ι
1223 2817 1318 2876 fila
1348 2837 1653 2898 corpormn
1697 2818 1989 2899 possident
2016 2817 2289 2900 (Apnleii

127 2922 486 3004 scriptione)
501 2924 682 3005 magis
712 2943 841 2982 rara
866 2935 924 2982 et
943 2922 1246 3004 splendida
1267 2966 1283 2996 ‚
1308 2933 1367 2981 et
1386 2924 1581 2982 tenuia
1602 2943 1787 3004 usq-ue
1810 2924 1953 2983 adeo
1976 2967 1992 2998 ,
2014 2937 2082 2983 ut
2102 2924 2293 2984 radios

127 3047 337 3090 omnes
365 3029 544 3089 nostri
575 3030 754 3088 tuoris
779 3041 840 3088 et
863 3029 1096 3088 raritate
1125 3029 1511 3087 transmittant
1526 3071 1544 3100 ,
1581 3039 1639 3088 et
1679 3027 1983 3109 splendore
2010 3028 2290 3090 rev‘erbe—

127 3147 272 3196 rent
294 3179 310 3208 ,
344 3147 402 3194 et
428 3135 736 3194 subtilitate
759 3132 1121 3193 smstrentur.
1149 3159 1176 3186 ιι
1201 3131 1357 3207 Quid
1378 3133 1550 3193 Stoici
1570 3133 1787 3193 nostri?
1818 3137 1988 3194 etiam
2016 3155 2253 3216 corpora
2272 3181 2289 3210 ,

130 3241 244 3301 sed
283 3241 592 3311 Mlier-ea„
637 3241 700 3300 id
731 3251 816 3300 est
833 3283 851 3315 ‚
887 3241 1054 3322 ignea
1079 3281 1095 3312 ‚
1129 3240 1438 3321 assignant.
1475 3233 1551 3299 Et
1578 3240 1641 3302 id
1686 3261 1823 3299 sane
1858 3243 2297 3303 convenientius

127 3350 348 3410 nostris
389 3351 558 3409 etiam
604 3347 810 3409 Sacris.
850 3345 1002 3406 Ecce
1037 3369 1141 3406 rex
1173 3346 1453 3406 Hebraeus
1484 3343 1510 3427 (
1536 3346 1684 3406 Psal.
1718 3345 1861 3428 cm)
1897 3369 1914 3405 ε
1955 3375 1983 3401 α
2005 3349 2128 3424 Qui'
2163 3349 2298 3408 facit

129 3457 388 3538 Angelos
407 3477 536 3516 suos
557 3457 788 3537 spiritus
808 3497 825 3528 ‚
849 3467 908 3514 et
931 3454 1220 3514 ministros
1247 3473 1381 3512 suos
1402 3451 1689 3513 flammam
1710 3454 1881 3537 ignis.
1914 3480 1943 3507 n
1978 3455 2099 3516 Nec
2119 3457 2295 3517 semel

131 3567 220 3624 ita
241 3564 608 3624 nominantur
627 3606 644 3635 ,
674 3573 774 3621 aut
792 3573 1194 3643 comparantur
1218 3583 1235 3619 ε
1261 3571 1318 3620 et
1337 3559 1667 3619 Graeeomm
1689 3562 1894 3644 aliquis
1924 3563 2168 3644 pulchre
2188 3573 2296 3649 π-ἴφ

131 3673 298 3732 ἅῦλον
321 3713 338 3742 ,
358 3669 556 3747 Ignem
583 3667 1016 3727 humaret-talem
1038 3715 1052 3738 ,
1087 3687 1184 3727 eos
1204 3679 1390 3728 vocat.
1416 3665 1561 3727 Nam
1587 3669 1896 3750 agilitatem
1920 3713 1936 3743 ‚
1960 3670 2246 3730 levitatem
2272 3715 2289 3744 ,

131 3777 426 3838 fervorem
439 3819 456 3850 ‚
487 3776 679 3834 lucem
715 3774 764 3832 si
803 3771 963 3832 vide's
996 3795 1013 3830 ε
1048 3793 1178 3833 cum
1215 3773 1374 3833 nulla
1416 3793 1610 3834 rerum
1654 3773 1856 3834 melius
1886 3776 2291 3835 assimilentur.

131 3883 272 3944 11oe
299 3882 510 3957 fateor,
541 3885 790 3943 Aereum
821 3899 971 3960 saepe
1001 3878 1220 3960 aliquid
1240 3879 1601 3940 circumdare
1628 3893 1689 3940 et
1719 3901 2044 3953 assumere3
2078 3883 2296 3941 scilicet

131 4001 208 4050 ut
233 3991 400 4050 nobis
425 4000 740 4071 appareant
755 4031 773 4062 ‚
805 3999 904 4047 ant
927 3985 1120 4067 aliquo
1143 3987 1389 4068 vestigio
1410 4007 1473 4046 se
1496 3987 1819 4047 ostendant.
1846 3987 1963 4048 Sed
1986 3999 2123 4048 tunc
2153 4008 2293 4070 quo-

141 4116 262 4179 que
290 4088 630 4177 (notatum)
657 4115 836 4180 quum
860 4089 1274 4166 dissolvuntur,
1308 4091 1457 4174 ignis
1486 4103 1585 4153 aut
1612 4092 1903 4174 sulphuris
1926 4092 2160 4155 odorem
2183 4095 2299 4154 ali-
