2667 4475
351 278 446 363 54
941 274 1026 342 L.
1077 269 1437 340 ANNAEI
1486 268 1916 339 SENECAE

354 407 518 499 quia
548 406 848 473 animum
874 400 1082 469 habet
1112 398 1431 468 mobilem
1448 448 1467 480 ,
1487 390 1589 467 ‘ad
1616 422 1825 491 prava
1852 396 2045 467 illum
2069 400 2214 493 agit
2236 398 2521 469 haerens

356 519 614 589 malitia
633 567 652 599 ,
688 532 756 585 et
781 540 864 583 ea
895 516 1150 609 agitata
1185 512 1378 581 abest
1408 510 1495 582 de
1526 513 1706 595 bono
1727 520 1743 549 ¹
1761 564 1777 581 .
1808 516 1870 583 N
1873 536 1963 582 on
1996 530 2099 584 est
2124 513 2361 583 adhue
2386 516 2523 583 bo-

323 636 486 705 'nus
513 684 532 719 ‚
577 631 708 703 sed
752 634 826 701 in
877 631 1134 700 bonum
1189 630 1523 722 fingitur3
1582 630 1989 721 cuicumque
2038 645 2269 698 autem
2322 630 2523 699 deest

355 752 621 848 aliquid
650 748 739 821 ad
769 751 1032 819 bonum
1055 798 1077 831 ,
1121 746 1336 816 malus
1370 760 1496 814 est.

616 890 720 943 Sed
739 927 754 955 ‚
775 889 820 943 si
844 888 930 942 cui
949 886 1108 941 virtus
1129 885 1433 957 animmque
1452 884 1510 937 in
1535 904 1749 959 corpore
1770 906 1987 959 presens
2002 890 2044 954 ²,

356 1016 474 1084 hic
498 1016 677 1085 Deos
709 1028 930 1106 aequat
960 1042 978 1093 3
1012 1011 1131 1079 illo
1168 1008 1425 1094 tendit,
1472 1010 1762 1103 originis
1798 1033 1934 1078 suae
1968 1034 2256 1081 memor.
2300 1016 2520 1083 Nemo

359 1131 668 1225 improbe
705 1153 786 1198 eo
819 1142 1107 1196 conatur
1141 1123 1546 1207 ascendere,
1590 1122 1778 1192 unde
1814 1125 2286 1198 descenderat.
2318 1131 2521 1223 Quid

357 1238 501 1314 est³
537 1261 760 1314 autem
789 1293 807 1326 ‚
850 1265 974 1311 cur
999 1264 1138 1308 non
1172 1240 1513 1311 existimes
1544 1240 1618 1305 in
1654 1262 1736 1306 eo
1772 1237 1989 1307 divini
2026 1240 2295 1332 aliquid
2326 1246 2521 1312 exsi-

357 1376 535 1429 stere
557 1410 576 1441 ‚
621 1361 739 1451 qui
779 1358 907 1426 Dei
945 1380 1104 1450 pars
1149 1357 1302 1423 est?
1335 1356 1589 1423 Totum
1623 1354 1759 1423 hoc
1783 1405 1805 1441 ,
1850 1380 1989 1447 quo
2027 1359 2467 1427 continemur
2492 1410 2515 1443 ,

358 1492 428 1544 et
459 1498 671 1542 unum
705 1488 843 1553 est,
883 1488 952 1539 et
977 1473 1162 1539 Deus
1205 1496 1220 1535 :
1258 1485 1327 1536 et
1362 1469 1531 1537 socii
1569 1492 1800 1538 sumus
1836 1470 1986 1562 ejus
2008 1521 2027 1552 ‚
2071 1488 2139 1539 et
2178 1474 2512 1543 membra.

357 1594 585 1684 Capax
611 1605 714 1658 est
742 1604 972 1657 noster
1000 1587 1269 1654 animus
1292 1614 1311 1672 3
1345 1572 1692 1677 perfertur
1718 1586 1838 1654 illo
1866 1637 1883 1665 ‚
1927 1588 1985 1655 si
2022 1590 2191 1657 vitia
2222 1616 2364 1659 non
2394 1591 2523 1660 de-

357 1708 678 1799 primant.
732 1697 1327 1793 Quemadmodum
1380 1722 1747 1793 corporum
1801 1717 2185 1771 nostrorum
2240 1704 2519 1774 habitus

359 1822 650 1914 erigitur
669 1868 690 1900 ‚
722 1834 793 1886 et
819 1830 1078 1909 spectat
1100 1815 1172 1881 in
1201 1814 1439 1882 caelum
1482 1842 1496 1880 :
1530 1817 1627 1883 ita
1656 1818 1923 1885 animus
1949 1866 1969 1901 ‚
2005 1819 2152 1902 cui,
2187 1821 2260 1888 in
2300 1846 2521 1913 quan-

359 1955 502 2007 tum
533 1935 715 2020 vult,
757 1934 918 2001 licet
947 1932 1248 2025 porrigi,
1291 1931 1366 1998 in
1403 1932 1537 1999 hoc
1571 1956 1614 1999 a
1646 1948 1891 2000 natura
1924 1958 2154 2004 rerum
2190 1936 2521 2008 formatus

278 2036 304 2142 θ’
361 2070 496 2137 est,
531 2069 607 2121 ut
639 2052 829 2145 paria
859 2050 1009 2119 Diis
1041 2047 1208 2117 velit
1229 2098 1247 2129 ,
1281 2063 1353 2115 et
1378 2048 1477 2116 sic
1510 2064 1743 2117 utatur
1762 2042 1788 2091 ⁴
1828 2052 1968 2119 suis
1994 2053 2257 2122 viribus
2284 2106 2304 2138 ‚
2336 2080 2419 2124 ac
2446 2082 2519 2125 se

250 2222 317 2275 29

365 2173 436 2239 in
475 2170 762 2263 spatium
815 2190 1012 2235 suum
1061 2163 1401 2233 extendat.
1454 2168 1607 2232 Non
1642 2164 1868 2233 aliena
1908 2168 2018 2237 via
2042 2160 2066 2202 ⁵
2118 2167 2209 2238 ad
2256 2195 2519 2242 summa

363 2388 620 2462 posuimus
657 2396 768 2461 post
800 2405 900 2438 non
927 2379 1226 2450 poem'tenda
1260 2380 1391 2449 agi-

361 2480 490 2532 tare,
509 2489 612 2539 quo
635 2467 741 2521 haec
765 2464 1011 2518 sententia
1033 2482 1148 2517 cum
1163 2481 1391 2535 sequen-

1470 2383 1612 2452 secto
1634 2388 1775 2448 vim,
1801 2385 1919 2440 huic
1939 2399 2029 2442 etc.
2056 2409 2149 2442 ms.
2178 2409 2218 2444 c.
2250 2403 2301 2444 et
2329 2390 2413 2446 ed.
2444 2393 2515 2442 A.

1488 2465 1623 2516 Tum
1652 2465 1787 2518 infra
1822 2470 1953 2538 qm'a
1970 2509 1984 2536 ‚
2012 2489 2119 2521 non
2144 2489 2285 2539 qua,
2312 2491 2423 2524 mc.
2446 2472 2517 2524 R.

363 2547 495 2600 tibus
520 2547 699 2600 melius
721 2545 948 2598 hoereret.
977 2544 1227 2596 Caeterum
1257 2553 1393 2593 totus

364 2625 536 2692 iocus,
572 2647 604 2678 a
636 2624 802 2677 verbis
847 2641 975 2674 nam
1018 2624 1107 2674 ille
1129 2625 1294 2686 alter,
1323 2620 1395 2672 ita

259 2715 270 2729 ⁸
365 2703 602 2757 obscurus
627 2716 674 2754 et
697 2701 758 2754 ab
773 2701 1055 2754 <editoribus
1085 2712 1286 2752 vexatus
1319 2712 1394 2751 est

363 2793 420 2833 ut
442 2781 636 2851 aliquid
657 2779 828 2831 deesse
847 2778 994 2830 facile
1011 2777 1388 2830 crediderimus.

365 2860 537 2912 Ruhk.
566 2872 728 2910 totum
763 2858 896 2910 hunc
923 2858 1092 2909 locum
1125 2859 1196 2911 sie
1229 2858 1391 2911 edidit

365 2950 557 3007 puncto
583 2936 800 2988 maximo
823 2949 942 3004 post
966 2939 1200 3002 spatium
1226 2936 1389 2988 iuter-

367 3034 614 3090 puugens.
635 3013 741 3066 Per·
759 3013 891 3067 banc
906 3023 1076 3084 potest
1089 3034 1191 3067 non
1206 3018 1391 3082 poeni-

367 3097 526 3148 tenda
560 3095 766 3160 agitare
809 3111 826 3145 :
857 3101 920 3144 a!
949 3092 1241 3164 impetficw
1273 3094 1391 3145 viro

368 3171 486 3223 huic
498 3173 720 3222 malilioe
731 3171 810 3221 vis
833 3171 1078 3240 quaedam
1094 3173 1227 3223 inest
1241 3210 1256 3232 ‚
1281 3189 1391 3238 qua

367 3252 610 3300 animum
643 3247 798 3300 habet
823 3249 1066 3321 mobf‘lem
1088 3267 1104 3299 .·
1124 3249 1204 3299 ad
1217 3266 1392 3316 prava

366 3329 520 3378 illum
555 3328 669 3396 agit
701 3325 897 3378 boerens
936 3329 1151 3379 malitia
1186 3338 1277 3379 ete.
1327 3329 1391 3379 In

369 3401 474 3466 his,
507 3401 700 3473 inquit,
729 3402 1094 3456 constituendis
1128 3423 1310 3474 sequor
1344 3415 1393 3455 et

368 3479 571 3534 Gruter.
615 3493 663 3533 et
701 3480 1024 3533 Gronovium
1060 3500 1074 3534 ι
1111 3481 1216 3534 nisi
1253 3481 1395 3552 quod

367 3557 516 3630 hujus
533 3558 940 3612 emendationem
963 3577 977 3612 t
993 3559 1104 3612 Fer
1120 3560 1252 3613 bunc
1268 3579 1389 3631 :po-

366 3645 620 3689 test-..non
641 3637 968 3691 necessariam
987 3651 1174 3712 putem.
1195 3643 1385 3692 Antea:

366 3727 426 3768 ut
455 3718 513 3766 ἰη
533 3715 820 3786 impeffecto
845 3717 971 3769 viro.
995 3717 1192 3770 Huic...
1217 3717 1392 3769 mobi-

365 3798 468 3847 lem
487 3796 566 3846 ad
577 3813 764 3861 prava.
800 3795 907 3846 lue
923 3797 1040 3864 agit
1060 3813 1241 3848 carens
1260 3815 1393 3846 ma—

364 3875 486 3925 litia
505 3889 522 3922 .·
541 3887 657 3941 quae
674 3891 820 3923 sensu
842 3872 1094 3924 carebant.
1119 3871 1302 3924 Ruhlc.
1325 3901 1392 3913 —

366 3951 672 4020 Imperstclo
703 3953 818 4002 vim
856 3950 986 4004 huic.
1019 3951 1121 4004 sic.
1155 3971 1212 4004 a·
1247 3963 1296 4003 et
1319 3953 1393 4006 R.

371 4027 472 4080 sed
511 4031 714 4082 fortasse
755 4047 859 4081 non
897 4028 1044 4084 maie.
1093 4029 1168 4082 Ut
1191 4033 1396 4099 imper-

1488 2543 1559 2592 A.
1585 2541 1881 2619 Eademque
1905 2545 2042 2599 lines
2068 2550 2147 2599 ad
2160 2568 2333 2616 prava
2362 2553 2519 2602 illum

1487 2624 1602 2690 agit
1632 2623 1830 2676 hoerens
1851 2629 2063 2678 malitia
2088 2638 2219 2678 reete
2242 2626 2322 2679 ed.
2346 2627 2514 2680 nuhk.

1490 2717 1607 2751 cum
1628 2717 1724 2752 ms.
1758 2699 1934 2753 Siculo
1967 2702 2105 2755 Mur.
2132 2702 2296 2757 Schw.

1560 2800 1601 2831 1.
1626 2779 1716 2832 Ea
1740 2783 1949 2850 agitata
1975 2783 2125 2837 abest
2152 2787 2217 2836 de
2240 2784 2389 2839 bom.
2426 2786 2517 2840 sic

1488 2855 1670 2909 dedere
1691 2857 1809 2910 libri
1834 2872 1948 2912 vett.
1968 2861 2057 2913 ubi
2075 2861 2231 2934 vulgo
2259 2883 2325 2916 ea
2347 2867 2521 2934 agila·

1487 2941 1559 2988 tio
1586 2936 1734 2988 abest
1752 2956 1789 2988 a
1815 2937 1964 2990 bono.
1986 2937 2150 2991 Schw.

1554 3033 1600 3066 2.
1622 3013 1887 3067 Proesens.
1905 3016 2091 3068 Versus
2106 3016 2290 3088 Virgil.
2302 3019 2517 3072 estAEn.

1486 3091 1535 3140 V
1551 3129 1565 3154 ,
1594 3088 1727 3154 3633
1750 3090 1836 3142 sed
1863 3088 1961 3164 leg.
1978 3103 2195 3159 pectore.
2217 3095 2321 3146 En.

1554 3166 1599 3218 3.
1641 3165 1795 3238 Quid
1830 3180 1955 3222 est...
1989 3172 2247 3222 membra.
2282 3171 2517 3224 Stoicum

1489 3244 1586 3298 hoe
1614 3245 1799 3318 dogma
1822 3265 1953 3320 soepe
1980 3246 2089 3319 jam
2116 3248 2353 3301 vidimus.
2374 3249 2521 3302 Mul-

1488 3337 1565 3376 tus
1586 3323 1731 3376 estin
1754 3344 1817 3377 eo
1841 3325 2140 3378 excutiendo
2161 3326 2357 3399 Lipsius
2380 3325 2520 3398 Phy-

1490 3399 1603 3453 sioI.
1628 3413 1688 3456 εἰ.
1715 3402 1766 3467 Ι,
1794 3402 1839 3454 8.
1866 3402 2049 3455 Ruhlae.
2400 3461 2405 3466 ⁶

1557 3481 1602 3544 4.
1628 3478 1706 3531 Et
1724 3482 1799 3534 sic
1820 3491 2015 3534 utatur.
2036 3481 2125 3536 Sic
2148 3482 2323 3556 vulgo.
2348 3480 2519 3536 Schw.

1488 3559 1651 3612 nimio
1665 3559 2001 3618 mutationum
2026 3560 2259 3634 obreptus
2274 3560 2439 3614 studio
2462 3559 2517 3613 in

1486 3651 1676 3692 textum
1696 3638 1887 3712 recepit
1906 3643 2005 3693 etsi
2030 3651 2217 3692 utatur·
2236 3641 2375 3711 quod
2396 3639 2519 3692 dant

1488 3739 1543 3770 a.
1574 3736 1616 3771 c.
1648 3717 1723 3768 A.

1559 3796 1609 3848 5.
1630 3795 1755 3848 Non
1776 3798 1956 3848 aliena
1986 3798 2079 3849 via
2100 3797 2177 3849 ad
2202 3816 2411 3849 summa
2436 3801 2519 3848 ni·
2538 3785 2548 3790 “

1489 3879 1631 3927 titur.
1666 3873 1754 3927 Sic
1790 3893 1905 3944 mss.
1938 3894 1991 3927 a.
2022 3893 2064 3926 c.
2103 3895 2221 3928 cum
2256 3875 2335 3928 ed.
2366 3875 2435 3928 A.
2470 3889 2523 3928 et

1490 3955 1624 4006 Ven.
1665 3953 1765 4006 nisi
1802 3955 1937 4022 quod
1972 3957 2153 4008 aliena
2190 3958 2302 4008 vita
2334 3953 2525 4006 habent

1490 4051 1541 4084 a.
1564 4051 1605 4084 c.
1634 4043 1682 4083 et
1708 4035 1886 4084 aliena
1924 4037 1981 4084 υἱ
2014 4033 2091 4084 ed.
2120 4033 2251 4084 Ven.
2289 4033 2394 4084 Nos
2424 4033 2525 4082 vio
