2667 4475
466 339 963 410 Pan1oL.
1016 340 1516 412 s‘rolcon.
1565 343 1758 414 Lm.
1807 341 1866 410 1.
2107 337 2245 433 489

109 486 357 569 dignitas
394 483 503 544 hoc
540 483 789 565 postulat
818 527 835 556 ,
870 495 927 542 et
966 485 1217 564 primum
1252 505 1654 566 summumque
1698 483 1840 544 illud
1878 501 2070 542 rerum
2097 481 2250 539 inter

39 637 42 656 .
106 595 297 676 prima
324 591 457 652 dici.
504 591 759 652 Priorem
778 593 1055 651 rationem
1088 593 1259 651 etiam
1286 592 1488 652 Cicero
1513 593 1794 673 expressit
1817 587 1943 671 (De
1967 587 2144 648 Univ.
2167 584 2196 667 )
2228 609 2246 644 ε

39 745 41 778 :
112 729 145 754 ιι
174 699 287 773 Qui
302 697 683 780 intelligentie
704 697 1123 780 sapientiaque
1144 719 1207 758 se
1226 711 1534 760 amatorem
1558 699 1856 781 profitetur
1871 739 1888 770 ,
1913 715 2144 756 necesse
2168 705 2254 752 est
2307 727 2314 734 =

39 855 41 858 ,
106 805 393 885 Sapientis
412 805 895 886 intelligentisque
916 803 1141 865 Naturae
1162 803 1249 888 (id
1268 818 1358 865 est
1375 849 1392 878 ,
1417 805 1652 889 Mundi)
1663 806 1875 887 primas
1897 823 2094 877 causas
2113 823 2256 861 con-

108 912 341 993 quirere
362 933 379 968 ε
404 909 614 970 deinde
634 909 915 970 secundas
930 931 1122 970 rernm
1144 932 1342 971 earum
1361 931 1488 992 qun
1509 912 1830 991 necessario
1847 919 2080 968 movent
2091 907 2254 978 alias,

39 1073 41 1102 ἶ
108 1038 293 1098 quum
324 1018 457 1096 ipsae
488 1017 563 1075 ab
588 1015 713 1076 aliis
740 1029 1059 1078 moventur.
1094 1042 1123 1071 n
1156 1017 1311 1078 Ades
1347 1019 1522 1100 igitur
1549 1019 1740 1078 animo
1763 1061 1780 1092 ,
1815 1029 1874 1077 et
1897 1015 1971 1076 ad
1997 1016 2109 1076 alta
2137 1013 2258 1074 boec

109 1137 287 1204 atque
308 1123 500 1183 divina
530 1143 757 1182 mecum
778 1122 1139 1184 transcende.
1166 1122 1297 1182 Non
1316 1125 1472 1184 enim
1497 1168 1514 1198 ‚
1537 1137 1606 1184 ut
1637 1125 1898 1206 plerique
1937 1122 2034 1183 alii
2063 1119 2262 1180 Philo-

110 1227 315 1310 sophi,
344 1251 525 1310 pauca
554 1241 615 1290 et
638 1231 833 1290 tenuia
860 1229 934 1290 de
964 1230 1055 1289 his
1090 1227 1271 1290 Stoici
1290 1227 1317 1304 ‚'
1339 1229 1440 1290 sed
1467 1229 1714 1290 ubertim
1745 1241 1804 1288 et
1830 1239 2090 1288 accurate
2117 1227 2264 1286 scri-

109 1345 355 1416 pserunt
384 1357 402 1392 :
436 1347 495 1394 et
524 1355 851 1416 quanquam
882 1356 1065 1414 pauca
1111 1347 1339 1395 exstent
1365 1355 1386 1410 ,¹
1413 1348 1604 1395 tamen
1630 1335 1724 1395 vel
1753 1355 1825 1394 ex
1860 1334 1930 1392 iis
1956 1331 2178 1392 videbis
2207 1344 2265 1391 et

108 1439 409 1500 miraberis
428 1483 445 1514 ‚
480 1461 595 1521 quo
642 1452 892 1500 mentem
940 1441 1201 1500 miserint
1227 1485 1246 1515 ‚
1286 1453 1346 1501 et
1386 1461 1560 1521 quam
1603 1439 1676 1499 ad
1709 1440 1888 1521 ipsius
1933 1437 2073 1500 Veri
2115 1459 2264 1518 soepe

108 1557 345 1604 metam.
394 1542 445 1603 Ο
492 1567 665 1626 quam
705 1544 870 1605 decet
915 1567 1251 1627 germanum
1304 1544 1712 1630 Philosophum
1739 1541 1758 1604 l
1793 1546 1894 1627 qui
1924 1586 1942 1618 ‚
1985 1547 2262 1626 quantuin

104 1661 303 1734 potest
322 1693 339 1724 ‚
378 1675 407 1704 α
446 1651 701 1710 animum
729 1649 962 1711 deducit
992 1673 1027 1710 a
1078 1671 1317 1732 corpore
1343 1693 1362 1724 ‚
1397 1663 1456 1710 et
1486 1651 1731 1711 multum
1763 1671 1896 1710 cum
1925 1648 2160 1708 meliore
2195 1669 2263 1707 ac

104 1757 309 1817 divina
339 1767 501 1836 parte
524 1767 786 1815 versatur
825 1779 843 1815 z
883 1777 1013 1815 cum
1050 1754 1157 1816 hac
1184 1757 1423 1839 querula
1467 1777 1532 1816 ac
1569 1755 1794 1838 fragili,
1835 1766 2115 1838 quantum
2153 1775 2266 1813 ne-

100 1883 275 1922 cesse
296 1873 401 1922 est.
430 1887 460 1914 ι»
490 1859 669 1944 (Sea.
704 1857 889 1942 Epist.
924 1859 1223 1945 nxxvm.)
1251 1862 1454 1943 Itaque
1485 1861 1558 1922 de
1585 1863 1686 1922 illo
1716 1883 1854 1922 vere
1879 1861 2108 1921 dicitur:

449 1977 609 2025 flente
625 1977 756 2046 Deos
772 1971 895 2026 adiit
906 2011 921 2038 ,
944 1984 995 2026 et
1010 1993 1118 2045 qua
1140 1979 1321 2028 Natura
1339 1979 1538 2045 negavit

443 2065 637 2116 Visibus
648 2064 873 2116 humanis
888 2103 903 2129 ,
928 2067 1083 2118 oculis
1098 2085 1154 2117 ea
1172 2068 1386 2137 pectoris
1403 2067 1583 2120 hausit.

100 2173 331 2252 Quidni
357 2187 547 2234 autem
578 2173 781 2238 adeat?
806 2175 962 2237 illinc
994 2187 1151 2237 ortus
1170 2219 1187 2252 ,
1218 2177 1356 2239 illuc
1387 2176 1540 2239 redit
1569 2201 1584 2238 a
1619 2204 1646 2232 α
1673 2187 1734 2239 et
1759 2174 1866 2237 boc
1893 2177 2068 2239 babet
2093 2197 2274 2259 argu-

102 2294 375 2343 mentum
406 2280 715 2341 divinitatis
744 2302 859 2341 sune
894 2325 911 2355 ‚
946 2282 1101 2363 quod
1136 2284 1297 2343 illum
1334 2283 1530 2344 divina
1561 2284 1886 2344 delectent:
1911 2304 2020 2343 nec
2041 2294 2108 2342 ut
2126 2283 2272 2341 alie-

99 2389 203 2447 nis
236 2388 505 2461 interest,
531 2386 633 2447 sed
656 2400 721 2447 ut
751 2388 891 2449 suis.
925 2413 953 2441 ιο
982 2384 1228 2469 (Natur.
1264 2388 1474 2463 Quaest.
1503 2389 1570 2463 I,
1605 2390 1668 2447 in
1693 2387 1860 2449 Pras.
1884 2386 1911 2469 )
1933 2390 2123 2469 Atque
2143 2408 2264 2446 non

100 2493 333 2573 capiet,
362 2493 607 2574 inquies.
648 2492 961 2553 Conabitur
982 2536 1001 2565 ‚
1034 2506 1093 2554 et
1118 2494 1213 2553 vel
1238 2495 1492 2576 vestigiis
1515 2492 1732 2575 aliquid
1766 2494 2099 2576 indagasse,
2123 2494 2268 2575 quid

104 2610 441 2659 assecutum
456 2597 611 2657 esse?
634 2598 939 2659 delectabit
958 2622 975 2657 τ
998 2598 1325 2659 Aristoteles
1343 2598 1453 2659 hoc
1474 2598 1717 2681 pulchre
1729 2600 1847 2677 (De
1863 2600 2198 2681 part-anim.
2215 2600 2268 2673 1-‚

100 2728 249 2785 cap.
282 2701 437 2783 ult.)
466 2727 483 2762 ε
520 2730 549 2757 ιι
572 2700 649 2763 Et
674 2706 723 2763 si
750 2724 841 2765 res
870 2704 1136 2765 mortales
1168 2705 1303 2765 istas
1330 2704 1657 2787 inferosque
1681 2746 1698 2781 ‚
1729 2706 1888 2787 quod
1933 2728 2012 2767 eae
2035 2708 2274 2789 propio·-

100 2832 209 2872 res
236 2812 405 2871 nobis
435 2823 491 2871 et
518 2812 699 2893 magis
734 2810 1043 2871 familiares
1080 2812 1197 2871 sint
1221 2854 1241 2886 ‚
1272 2811 1500 2893 plenius
1531 2822 1704 2873 nosse·
1723 2815 2006 2894 possimus
2039 2838 2056 2873 ε
2083 2826 2272 2875 tamen

105 2940 212 2979 res
239 2917 365 2977 illas
390 2939 625 2999 superas
649 2918 697 2977 si
715 2917 807 2977 vel
830 2918 1031 2977 leviter
1050 2920 1329 3001 attingere
1363 2918 1532 2979 datur
1556 2961 1574 2994 ‚
1601 2919 1677 2979 ob
1695 2921 1818 2999 ejus
1831 2920 2052 2981 notitiae
2072 2922 2279 2981 excel-

100 3027 359 3087 lentiam
379 3068 397 3101 ,
436 3026 532 3085 illa
553 3026 677 3109 ipsa
702 3026 815 3085 levi
843 3026 1025 3109 magis
1047 3028 1337 3107 pascimur
1365 3040 1422 3089 et
1453 3028 1838 3101 oblectamur,
1873 3047 2046 3109 quam
2083 3028 2132 3087 si
2173 3029 2280 3088 ista
2380 3101 2388 3105 ¹

96 3133 387 3193 universa
416 3133 693 3192 norimus.
732 3132 859 3191 Non
893 3132 1057 3193 aliter
1086 3151 1261 3213 quam
1294 3134 1642 3193 amatoribus
1679 3134 1908 3194 suavius
1941 3146 2028 3193 est
2043 3177 2060 3208 ,
2085 3134 2278 3194 amicae

98 3262 233 3301 suae
280 3240 373 3299 vel
405 3252 625 3321 partem
672 3240 837 3299 oculo
886 3238 1139 3301 delibare
1163 3282 1181 3314 ,
1223 3261 1398 3321 quam
1431 3240 1671 3301 aliarum
1707 3252 1824 3301 tota
1853 3240 2110 3301 membra
2149 3263 2282 3301 cor·-

98 3369 351 3431 pusque
384 3347 688 3430 inspicere.
702 3374 731 3401 n
756 3346 1001 3409 Pulchre
1018 3392 1035 3423 ,
1060 3348 1295 3429 inquam
1320 3371 1337 3406 ε
1363 3360 1420 3407 et
1439 3360 1658 3408 tantum
1680 3349 1918 3409 interest
1937 3349 2086 3409 inter
2103 3360 2284 3409 utras-

96 3475 237 3537 que
281 3454 409 3513 illas
457 3454 684 3515 notitias
700 3497 717 3528 ,
755 3466 1031 3535 quantum
1065 3455 1215 3515 inter
1241 3451 1482 3513 humum
1525 3466 1583 3514 et
1620 3454 1820 3514 caelum
1838 3498 1856 3528 ,
1887 3452 2180 3515 hominem
2226 3466 2283 3514 et

100 3564 337 3622 Deum.
384 3560 671 3621 Conemnr
712 3562 886 3642 igitur
918 3588 947 3614 α
975 3562 1087 3621 alia
1128 3559 1364 3643 quidem
1390 3559 1492 3642 (ut
1531 3582 1662 3621 cum
1700 3559 1897 3621 Ocello
1931 3561 2116 3623 dicam
2138 3605 2155 3636 ,
2191 3561 2282 3622 De

94 3669 163 3729 N
163 3680 323 3728 atur.
351 3665 660 3750 Universi)
678 3711 695 3741 ‚
731 3670 899 3729 certis
920 3668 1144 3729 indiciis
1164 3670 1458 3752 sig-nisque
1480 3670 1554 3729 ab
1577 3670 1702 3750 ipsa
1725 3668 1938 3731 Natura
1959 3670 2242 3731 discentes
2263 3694 2278 3741 ς

94 3774 229 3834 alia
258 3774 588 3855 opinatione
616 3774 787 3834 etiam
807 3817 825 3847 ,
853 3774 1109 3835 Rationis
1132 3776 1376 3850 auxilio,
1403 3774 1476 3834 ad
1499 3774 1560 3834 id
1589 3776 1746 3857 quod
1768 3776 2062 3858 probabile
2085 3789 2171 3835 est
2198 3776 2280 3834 in-

91 3882 355 3942 tellectu
382 3880 624 3941 ducente
642 3926 661 3955 ‚
682 3893 1066 3963 assequentes.
1102 3908 1129 3933 20
1149 3880 1293 3941 Nam
1316 3896 1470 3943 certa
1495 3896 1554 3941 et
1574 3884 1743 3964 plena
1767 3882 1972 3944 horum
1999 3883 2232 3941 scientia
2260 3925 2278 3955 ,

92 3990 212 4049 uni
253 3988 385 4047 Deo
412 3991 683 4078 convenit
716 4013 733 4048 ε
767 3988 923 4071 quod
953 3989 1111 4048 Plato
1144 3989 1245 4048 tibi
1277 3989 1431 4049 dicat
1459 3990 1568 4072 (In
1600 3988 1886 4072 Apolog.)
1923 4013 1942 4048 ε
1983 4016 2010 4043 ιι
2035 3989 2121 4048 Ita
2149 4002 2236 4049 est
2259 4034 2276 4064 ,

89 4098 275 4158 solus
298 4096 456 4157 Deus
477 4118 677 4157 revera
697 4098 923 4179 sapiens
944 4096 1245 4157 habendus
1269 4120 1284 4155 ε
1312 4109 1375 4156 et
1398 4096 1646 4157 humana
1674 4098 1860 4157 omnis
1881 4096 2158 4177 sapientia
2172 4143 2187 4168 ,
2218 4098 2277 4157 in
