2667 4475
463 289 962 360 PHYSIOL.
1017 291 1531 362 s'rolcon.
1580 293 1773 363 mn.
1824 294 1881 360 1.
2108 298 2233 387 ,541

95 447 160 492 et
185 433 434 493 Marium
455 476 472 509 ‚
489 447 658 517 atque
678 435 1073 496 Octavianum.
1087 462 1113 489 »ι
1137 436 1250 497 Sed
1268 437 1467 497 omitto
1484 435 1787 517 Spes-iales,
1809 436 1929 511 sive
1950 435 2203 501 Privatos
2224 464 2242 501 ε

91 541 262 601 aliud
307 563 488 623 genus
531 554 621 602 est
659 543 817 624 quod
863 542 1140 604 Gener-ale
1180 544 1431 603 diximus
1449 586 1467 619 ,
1508 555 1569 603 et
1605 544 1834 625 publice
1870 556 2043 627 atque
2074 547 2244 609 etiam

89 650 368 728 privatim
400 650 745 731 multiplices
775 671 912 709 usus
953 662 1010 709 et
1045 650 1300 731 pericula
1329 653 1419 709 sui
1449 650 1684 731 praebet.
1724 677 1751 704 κ
1773 650 1999 711 Horum
2027 653 2101 712 de
2128 676 2249 715 nu·-

89 776 260 813 mero
293 766 532 831 curant,
565 756 776 838 singuli
791 798 809 833 ,
848 767 912 815 ut
935 768 1021 815 est
1045 757 1250 836 cuique
1279 755 1489 817 tributa
1519 758 1811 838 provincia
1830 800 1849 833 ‚
1885 759 1978 818 vel
2004 758 2250 819 Somniis

87 860 502 923 confirmandis
515 874 528 897 ¹
543 904 560 935 ,
581 861 676 921 vel
713 854 880 943 Extis
907 862 1306 937 fissiculandis,
1329 862 1423 924 vel
1462 864 1805 945 praepetibus
1834 865 2243 947 gubernandis,

86 968 190 1029 vel
218 968 462 1031 Vatibus
493 969 840 1051 inspirandis
857 1011 873 1042 ‚
908 968 1268 1033 Fulminibus
1308 970 1626 1049 jaculandis
1643 1013 1661 1043 ,
1704 970 2022 1053 ceterisque
2062 972 2209 1033 adeo
2226 1016 2245 1045 ,

86 1096 204 1155 per
227 1096 352 1157 quae
379 1074 570 1135 flitura
598 1076 1023 1158 praenoscimus·
1052 1102 1081 1128 ι·
1119 1072 1351 1158 (Apul.)
1383 1075 1515 1134 Uno
1545 1074 1721 1135 verbo
1738 1118 1756 1151 ,
1791 1074 2043 1159 Magiam
2070 1090 2246 1138 totam

87 1184 192 1241 isti
219 1195 533 1265 suggerunt
562 1195 620 1243 et
647 1182 1046 1243 administrant
1067 1206 1084 1242 ε
1107 1184 1316 1243 nostris
1336 1203 1565 1267 quoque
1587 1182 1931 1253 Ductoribus,
1948 1185 2243 1265 scriptum.

85 1290 176 1348 Ut
205 1290 556 1350 Tertulliano
587 1284 874 1373 (Apolog.
920 1312 1050 1372 cap.
1099 1288 1220 1372 23)
1253 1313 1272 1351 ε
1312 1316 1342 1345 σι
1368 1284 1477 1349 Per
1514 1289 1617 1349 bos
1654 1289 1813 1373 Magi
1852 1290 2245 1371 phantasmata

85 1396 276 1456 edunt
291 1439 307 1470 ‚
345 1398 518 1475 etiam
549 1394 950 1457 defunctorum
991 1397 1302 1457 inclamant
1327 1396 1550 1455 animas
1572 1435 1589 1468 ,
1622 1416 1829 1477 pueros
1861 1396 1921 1454 in
1956 1395 2245 1477 eloquium

85 1504 307 1562 omculi
329 1503 565 1563 eliciunt
579 1545 598 1577 ,
626 1502 806 1562 multa
825 1502 1101 1563 miracula
1129 1502 1501 1563 circulatoriis
1526 1502 1823 1584 praestigiis
1850 1501 2077 1562 ludunt.
2106 1528 2133 1555 n
2162 1502 2244 1562 Ut

85 1611 341 1669 Minutio
369 1610 546 1670 Felici
581 1635 598 1669 ε
641 1638 668 1663 ιι
694 1610 853 1693 Magi
883 1633 1116 1693 quoque
1147 1632 1264 1670 non
1294 1622 1517 1671 ’tantum
1550 1611 1738 1671 sciunt
1767 1610 2067 1671 Daemonas
2086 1653 2104 1683 ,
2140 1608 2243 1669 sed

85 1716 374 1799 quidquid
405 1718 666 1777 miraculi
695 1717 906 1779 ludunt
921 1760 942 1791 ,
975 1738 1081 1800 per
1108 1718 1409 1777 Daemonas
1440 1714 1675 1777 faciunt.
1713 1716 1835 1775 Illis
1862 1716 2245 1798 aspirantibus

85 1835 147 1883 et
180 1820 648 1897 infundentibus,
693 1824 1002 1905 praestigias
1049 1823 1263 1897 edunt,
1303 1822 1399 1883 vel
1428 1844 1553 1904 quae
1584 1844 1701 1883 non
1734 1834 1868 1882 sunt
1894 1822 2079 1883 videri
2099 1866 2117 1895 ,
2152 1823 2243 1883 vel

85 1952 212 2011 quae
249 1944 382 1989 sunt
413 1952 528 1989 non
558 1929 766 1991 videri.
792 1957 820 1985 n
852 1931 1118 2013 Denique
1147 1930 1305 1990 vario
1337 1929 1769 2013 praedictionmn
1799 1928 1983 2013 (saepe
2014 1928 2244 2012 fallaci)

85 2056 302 2117 genere
323 2078 342 2109 ‚
381 2062 412 2089 κ
443 2037 780 2097 aemulantur
820 2035 1176 2099 divinitatem
1198 2081 1216 2114 ,
1263 2036 1403 2098 dum
1444 2036 1709 2097 fixrantur
1738 2037 2166 2105 divinationem,
2207 2064 2237 2089 ι»

85 2138 350 2222 [Ten-tun.
384 2162 514 2223 cap.
548 2142 682 2227 22.)
709 2142 1058 2227 Pythagoras
1089 2143 1198 2203 boc
1227 2164 1458 2226 quoque
1490 2143 1810 2203 observavit
1830 2184 1847 2217 ,
1871 2154 1929 2201 et
1947 2140 2201 2223 prodidit
2218 2166 2236 2199 ε

85 2277 110 2301 ιι
153 2249 246 2308 Ab
279 2249 366 2310 his
404 2251 632 2312 immitti
660 2251 987 2310 bominibus
1026 2251 1248 2310 somnia
1285 2261 1345 2309 et
1370 2251 1533 2332 signa
1551 2293 1569 2324 ,
1602 2261 1774 2329 atq-ue
1805 2247 2033 2308 morbos
2064 2249 2249 2307 etiam*

85 2371 142 2416 et
195 2358 460 2418 sanitates
490 2382 508 2416 ι
539 2379 648 2418 nec
688 2356 872 2416 solum
901 2356 1228 2414 hominibus
1247 2399 1266 2430 ,
1307 2354 1415 2414 sed
1466 2355 1783 2436 pecudibus
1826 2375 1891 2412 ae
1938 2354 2231 2432 jumentis.

85 2463 174 2522 Ad
205 2463 308 2522 hos
329 2462 528 2523 referri
550 2461 934 2522 Lustrationes
965 2474 1022 2521 et
1046 2462 1398 2543 expiationes
1419 2482 1435 2532 3
1460 2459 1535 2520 ad
1560 2460 1667 2520 hos
1686 2460 2111 2520 Divinationem
2140 2473 2234 2520 to-

85 2583 198 2629 tam
216 2611 233 2642 ‚
265 2583 323 2630 et
351 2569 561 2630 Omnia
580 2613 598 2644 ‚
631 2581 691 2630 et
713 2569 942 2628 similia.
970 2595 998 2624 υ
1032 2569 1419 2629 Tertullianus
1452 2581 1509 2630 et
1536 2567 1627 2628 his
1658 2567 1873 2632 addicit
1896 2564 2052 2650 (cap.
2088 2566 2195 2649 22)
2214 2592 2231 2627 ε

85 2706 110 2732 κ
149 2677 497 2758 Corporibus
529 2687 589 2736 et
618 2675 974 2736 valetudines
1020 2675 1329 2757 infligunt,
1384 2687 1442 2734 et
1488 2675 1707 2757 aliquos
1756 2697 1919 2735 casus
1964 2676 2234 2746 acerbos;

85 2785 284 2850 animae
327 2803 464 2844 vero
515 2783 846 2866 repentinos
871 2827 888 2856 ,
938 2795 996 2843 et
1045 2783 1525 2844 extraordinarios
1570 2803 1677 2863 per
1715 2784 1835 2842 vim
1876 2802 2167 2844 excessu&
2202 2810 2229 2836 »ν

85 2893 362 2952 Minutius
405 2915 424 2952 ε
473 2917 503 2945 α
524 2892 720 2954 Vitam
764 2891 1036 2965 turbant,
1081 2909 1280 2950 omnes
1312 2885 1635 2972 inquietant
1652 2933 1670 2963 ‚
1717 2891 2031 2972 irrepentes
2062 2891 2233 2948 etiam

85 2999 414 3080 corporibus
457 2997 676 3058 occulte
696 3041 714 3071 ,
765 3009 830 3058 ut
874 2998 1120 3079 Spiritus
1168 3010 1369 3057 tenues
1389 3038 1408 3069 ‚
1452 2997 1683 3056 morbos
1722 2996 1943 3077 fingunt
1962 3039 1981 3068 ,
2014 3007 2233 3056 mentes

85 3116 328 3176 terrent,
371 3104 628 3164 membra
673 3101 1050 3186 distorquent.
1086 3128 1115 3157 n
1161 3101 1316 3176 Quid
1364 3102 1551 3162 dicam
1582 3123 1753 3183 poma
1775 3145 1792 3175 ‚
1824 3101 1967 3162 vites
1990 3146 2006 3176 ,
2038 3101 2231 3185 fruges

85 3212 414 3292 praecipitari
443 3211 518 3271 ab
545 3211 615 3271 iis
633 3255 652 3285 ‚
683 3225 784 3271 aut
801 3209 976 3270 loedi?
1004 3208 1147 3292 quid
1173 3210 1284 3268 alio
1312 3209 1583 3302 traduci?
1612 3209 1753 3290 quid
1780 3208 2005 3291 pluvias
2022 3253 2040 3282 ,
2070 3210 2233 3270 nim·-

85 3319 180 3375 bos
197 3359 215 3389 ,
248 3329 444 3376 ventos
485 3317 724 3378 induci?
765 3330 822 3378 et
865 3316 1176 3399 plurimum
1203 3316 1355 3400 mala
1377 3360 1395 3390 ,
1427 3317 1501 3375 ab
1528 3315 1618 3376 bis
1649 3315 1866 3376 scilicet
1894 3317 2079 3376 malis.
2116 3317 2231 3376 Sed

85 3427 226 3483 bona
247 3425 418 3484 etiam
447 3447 482 3484 a
511 3425 676 3484 bonis
690 3469 708 3499 ,
733 3426 784 3486 si
803 3447 921 3484 non
945 3423 1250 3506 provenire
1269 3467 1286 3497 ‚
1310 3425 1633 3505 promoveri
1654 3467 1673 3498 ‚
1704 3436 1791 3484 est
1813 3425 2221 3486 confitendum.

85 3531 241 3589 Artes
277 3543 534 3613 praeeunt
550 3574 568 3604 ‚
601 3543 701 3591 aut
728 3532 936 3594 docent
954 3555 971 3590 ε
997 3545 1054 3592 et
1083 3531 1343 3614 quaedam
1374 3530 1626 3606 humano
1658 3532 1889 3614 ingenio
1928 3553 2223 3615 nunquam

85 3635 326 3696 eruenda
344 3680 362 3710 ,
395 3637 725 3698 ostendunt.
773 3637 843 3697 In
884 3639 1167 3698 medicina
1190 3683 1206 3713 ,
1259 3633 1510 3720 exempli
1543 3659 1713 3704 causa
1732 3682 1750 3714 ‚
1804 3639 1933 3720 quis
1974 3639 2229 3720 ambiget

85 3743 322 3803 ›ccultas
353 3745 560 3804 multas
589 3743 895 3804 herbarum
939 3745 1090 3804 vires
1133 3747 1206 3805 ab
1254 3747 1322 3805 iis
1366 3745 1659 3828 proditas?
1708 3747 1837 3826 quis
1886 3743 2179 3804 Chemiam
2200 3785 2217 3816 ‚

86 3844 231 3908 ειονξιε
251 3837 576 3912 subtilitatis
597 3863 778 3914 artem
798 3895 816 3925 ‚
845 3851 934 3910 his
956 3873 1072 3912 non
1094 3851 1359 3936 deleget?
1382 3864 1442 3912 et
1460 3853 1640 3934 magis
1658 3895 1675 3928 ,
1702 3853 1840 3933 quia
1858 3852 2179 3932 ambiguam
2198 3893 2215 3921 ,

139 4058 155 4086 ¹
177 4057 306 4123 Lego
324 4091 342 4118 ,
368 4053 772 4126 conformandis.
1484 3993 1495 4027 ί
