2667 4475
750 361 810 427 E
856 359 1202 428 Llssms
1251 357 1690 427 SENECAE.
1965 417 1982 427 .
2157 360 2280 444 451

167 501 475 568 incautus
508 491 775 560 incidit.
826 493 1169 585 Proponas
1218 491 1291 557 in
1334 489 1560 556 animo
1599 503 1716 556 tuo
1755 488 1981 556 futura
2022 487 2198 556 mala
2227 505 2300 556 et

164 616 343 684 bona
368 661 385 694 ‚
434 625 513 678 ut
562 607 683 676 illa
732 609 1067 676 sustinere
1114 607 1328 700 possis
1357 656 1375 688 ,
1433 621 1504 674 et
1550 607 1678 681 ista
1726 604 2092 674 moderari.
2147 608 2301 674 Non

166 753 431 822 semper
450 729 523 795 in
548 739 701 794 actu
726 725 842 807 sis,
876 723 995 792 sed
1019 723 1360 792 interdum
1385 724 1608 790 animo
1637 738 1750 790 tuo
1777 724 2086 815 requiem
2113 723 2296 808 date,

166 859 237 910 et
284 842 559 934 requies
610 841 757 931 ipsa
794 837 997 930 plena
1036 839 1125 905 sit
1158 839 1508 932 sapientiae
1557 837 1798 904 studiis
1842 852 1912 904 et
1947 838 2302 930 cogitatio-

168 961 370 1028 nibus
402 958 623 1027 bonis.
665 959 837 1024 Nam
872 953 1175 1048 prudens
1212 979 1561 1046 nunquam
1600 957 1736 1023 otio
1771 969 2048 1022 marcet.
2088 955 2308 1024 Habet

168 1089 395 1142 autem
427 1067 793 1164 aliquando
830 1070 1181 1138 remissum
1216 1071 1514 1137 animum
1537 1117 1554 1148 ,
1601 1093 1950 1160 nunquam
1987 1069 2302 1138 solutum.

168 1188 524 1256 Accelerat
546 1185 777 1271 tarda,
818 1185 1139 1278 perplexa
1166 1184 1476 1278 expedit,
1511 1183 1682 1253 dura
1719 1185 1974 1271 mollit,
2009 1200 2313 1277 exaequat

170 1305 405 1372 ardua.
448 1304 588 1376 Scit
622 1304 800 1371 enim
850 1300 1019 1394 quid
1063 1327 1199 1400 qua.
1245 1303 1356 1370 via
1399 1300 1684 1396 aggredi
1726 1300 2002 1383 debeat,
2057 1317 2128 1368 et
2173 1303 2308 1368 cito

172 1417 439 1510 singula
466 1467 484 1498 ,
528 1433 597 1484 et
634 1416 949 1484 distincte
988 1431 1229 1484 cuncta
1254 1415 1465 1482 videt.
1495 1415 1868 1482 Consilium
1893 1417 2265 1507 peritorum
2286 1465 2306 1498 ,

173 1557 251 1601 ex
279 1532 531 1627 apertis
560 1531 843 1600 obscura
872 1530 1153 1600 aestimat
1170 1581 1193 1617 ,
1226 1555 1305 1599 ex
1334 1530 1638 1624 parvulis
1667 1554 1945 1624 magna,
1975 1554 2056 1598 ex
2082 1519 2311 1623 prexi-

172 1651 305 1716 mis
352 1662 607 1716 remota
633 1697 657 1732 ‚
710 1671 791 1714 ex
832 1645 1141 1739 partibus
1194 1662 1356 1714 tota.
1417 1649 1572 1714 Non
1611 1662 1676 1714 te
1719 1662 1984 1719 moveat
2028 1645 2316 1716 dicentis

172 1765 577 1846 auctoritas,
613 1787 740 1830 nec
766 1763 919 1854 quis
943 1813 963 1846 ‚
998 1763 1117 1835 sed
1152 1763 1320 1854 quid
1341 1762 1522 1832 dicat
1557 1763 1918 1833 intendito.
1939 1768 2084 1834 Nec
2116 1791 2319 1856 quam

172 1881 443 1966 multis,
488 1879 607 1948 sed
647 1879 961 1971 qualibus
998 1879 1264 1972 placeas
1300 1881 1544 1972 cogita.
1583 1879 1664 1947 Id
1699 1905 1928 1973 quaere
1975 1879 2161 1973 quod
2205 1883 2319 1951 in-

172 1999 415 2068 venire
450 1999 690 2090 possis.
742 1997 825 2064 Id
871 1993 1055 2066 disce
1092 1995 1279 2088 quod
1324 2013 1515 2090 potes
1557 1998 1756 2064 scire.
1806 1996 1890 2065 Id
1927 2015 2086 2091 opta
2131 1998 2316 2091 quod

169 2113 399 2207 optari
436 2134 661 2178 coram
696 2111 896 2178 bonis
932 2126 1177 2202 potest.
1219 2113 1364 2180 Nee
1399 2110 1622 2178 altiori
1665 2127 1732 2181 te
1767 2112 1871 2180 rei
1905 2113 2210 2204 imponas
2249 2114 2322 2180 in

171 2254 313 2323 qua
368 2227 493 2297 tibi
550 2229 753 2297 stanti
810 2225 1231 2297 tremendum
1252 2278 1272 2307 ‚
1330 2225 1727 2301 ascendenti
1779 2225 2159 2297 cadendum
2203 2229 2316 2299 sit.

172 2344 481 2417 Consilia
507 2345 635 2413 tibi
654 2344 1001 2413 salutifera
1026 2341 1304 2419 advoca.
1328 2343 1562 2434 Quum
1587 2342 1714 2409 tibi
1737 2341 1980 2411 alludit
1997 2346 2152 2413 vitae
2172 2370 2323 2436 pm-

170 2460 511 2553 speritas‚
556 2474 717 2525 tunc
754 2474 823 2525 te
860 2457 1048 2525 velut
1094 2458 1167 2523 in
1221 2455 1484 2523 lubrico
1533 2454 1896 2541 retinebis,
1951 2480 2032 2525 ac
2075 2459 2312 2541 sistes,

170 2600 311 2647 nec
360 2574 481 2643 tibi
537 2573 730 2645 dabis
784 2576 1075 2667 impetus
1122 2572 1418 2656 liberos,
1472 2570 1595 2639 sed
1639 2574 2142 2667 circumspicies
2179 2600 2316 2667 quo

170 2688 483 2761 eundum
517 2689 645 2771 sit,
690 2687 797 2757 vel
836 2695 1215 2781 qucusque.

896 2902 978 2941 DE
1022 2900 1619 2943 MAGNANIMITATE.

274 3047 799 3141 Magnanimitas
840 3068 1041 3125 vero,
1082 3067 1235 3136 quae
1269 3059 1340 3111 et
1373 3042 1698 3111 fortitudo
1732 3043 2008 3127 dicitur,
2051 3047 2110 3112 si
2157 3049 2321 3116 insit

166 3166 409 3235 animo
432 3178 549 3231 tuo
570 3186 725 3232 cum
752 3184 995 3255 magna
1016 3160 1291 3241 fiducia,
1322 3159 1510 3227 vives
1527 3159 1729 3241 liber,
1755 3160 2162 3255 intrepidus,
2183 3162 2323 3233 ala·-

170 3308 327 3353 cer.
366 3282 601 3375 Magni
628 3281 835 3349 animi
870 3256 1163 3347 hominis
1190 3278 1444 3346 bonum
1473 3292 1575 3347 est
1605 3302 1745 3347 non
1774 3279 2118 3365 vacillare,
2158 3304 2326 3351 con-

172 3416 366 3471 stare
402 3397 571 3482 sibi,
613 3414 681 3465 et
714 3398 921 3465 finem
950 3395 1105 3465 vitae
1134 3394 1518 3487 intrepidus
1544 3411 1956 3487 exspectare.
1993 3398 2107 3466 Nil
2135 3398 2328 3467 aliud

178 3534 509 3605 magnum
534 3512 608 3577 in
634 3509 837 3578 rebus
856 3510 1195 3592 humanis,
1220 3508 1352 3577 nisi
1369 3510 1634 3577 animus
1650 3534 1752 3577 ma
1763 3534 1894 3603 gna
1913 3498 2320 3606 despiciens.

174 3630 261 3701 si
290 3627 761 3720 magnanimus
789 3624 999 3693 fueris
1022 3674 1040 3708 ,
1078 3646 1422 3717 nunquam
1446 3624 1792 3719 judicabis
1822 3626 1944 3696 tibi
1979 3645 2330 3699 contume-

176 3744 353 3811 liam
391 3742 561 3813 fieri.
600 3742 702 3808 De
738 3739 1011 3809 inimico
1048 3737 1271 3820 dices,
1312 3764 1456 3807 non
1493 3742 1730 3809 nocuit
1763 3740 1978 3825 mihi,
2023 3742 2143 3811 sed
2178 3745 2328 3811 ani-

178 3880 379 3927 mum
412 3856 705 3925 nocendi
738 3854 980 3923 habuit
1015 3882 1030 3923 z
1061 3871 1134 3925 et
1168 3880 1381 3947 quum
1413 3856 1702 3925 illumin
1736 3872 2066 3951 potestate
2085 3874 2198 3925 tua
2221 3859 2330 3925 vi-

176 3973 417 4056 deris,
467 3972 837 4041 vindictam
885 3970 1156 4067 putabis
1191 3969 1542 4041 vindicare
1575 3974 1894 4065 putuisse.
1933 3974 2114 4041 Scito
2147 3972 2330 4039 enim

182 4090 559 4157 honestum
582 4102 653 4156 et
678 4112 995 4180 maguum
1026 4110 1247 4181 genus
1268 4084 1586 4157 vindictae
1611 4110 1756 4155 esse
1777 4088 2162 4193 ignoscere..
2190 4088 2330 4153 Ne-
