<?xml version="1.0" encoding="UTF-8"?>
<!DOCTYPE html PUBLIC "-//W3C//DTD XHTML 1.0 Transitional//EN"
    "http://www.w3.org/TR/xhtml1/DTD/xhtml1-transitional.dtd">
<html xmlns="http://www.w3.org/1999/xhtml" xml:lang="en" lang="en">
 <head>
  <title>
</title>
<meta http-equiv="Content-Type" content="text/html;charset=utf-8" />
  <meta name='ocr-system' content='tesseract 3.04.00' />
  <meta name='ocr-capabilities' content='ocr_page ocr_carea ocr_par ocr_line ocrx_word'/>
</head>
<body>
  <div class='ocr_page' id='page_1' title='image "./lannaeisenecaeo04bouigoog_0572.png"; bbox 0 0 2667 4475; ppageno 0'>
   <div class='ocr_carea' id='block_1_1' title="bbox 471 252 2247 382">
    <p class='ocr_par' dir='ltr' id='par_1_1' title="bbox 471 252 2247 382">
     <span class='ocr_line' id='line_1_1' title="bbox 471 252 2247 382; baseline 0.001 -29"><span class='ocrx_word' id='word_1_1' title='bbox 471 252 955 355; x_wconf 58' lang='lat' dir='ltr'><strong>Pnismn.</strong></span> <span class='ocrx_word' id='word_1_2' title='bbox 1007 284 1515 356; x_wconf 77' lang='lat' dir='ltr'><strong>s&#39;r01con.</strong></span> <span class='ocrx_word' id='word_1_3' title='bbox 1566 286 1759 356; x_wconf 77' lang='lat' dir='ltr'><strong>Lm.</strong></span> <span class='ocrx_word' id='word_1_4' title='bbox 1811 286 1915 353; x_wconf 87' lang='lat'><strong>11.</strong></span> <span class='ocrx_word' id='word_1_5' title='bbox 2118 290 2247 382; x_wconf 65' lang='lat'><strong>⁵:1⁵</strong></span> 
     </span>
    </p>
   </div>
   <div class='ocr_carea' id='block_1_2' title="bbox 88 426 2337 4119">
    <p class='ocr_par' dir='ltr' id='par_1_2' title="bbox 88 426 2337 4119">
     <span class='ocr_line' id='line_1_2' title="bbox 89 426 2249 512; baseline 0 -24"><span class='ocrx_word' id='word_1_6' title='bbox 89 430 298 499; x_wconf 79' lang='lat' dir='ltr'><strong>nitur3</strong></span> <span class='ocrx_word' id='word_1_7' title='bbox 326 428 612 512; x_wconf 75' lang='lat' dir='ltr'><strong>signifieat</strong></span> <span class='ocrx_word' id='word_1_8' title='bbox 627 440 818 489; x_wconf 85' lang='lat' dir='ltr'><strong>autem</strong></span> <span class='ocrx_word' id='word_1_9' title='bbox 835 469 852 501; x_wconf 91' lang='lat'><strong>,</strong></span> <span class='ocrx_word' id='word_1_10' title='bbox 875 427 1226 489; x_wconf 76' lang='lat' dir='ltr'><strong>immobilem</strong></span> <span class='ocrx_word' id='word_1_11' title='bbox 1261 448 1369 509; x_wconf 86' lang='lat' dir='ltr'><strong>per</strong></span> <span class='ocrx_word' id='word_1_12' title='bbox 1400 449 1463 489; x_wconf 83' lang='lat' dir='ltr'><strong>se</strong></span> <span class='ocrx_word' id='word_1_13' title='bbox 1494 438 1551 489; x_wconf 91' lang='lat' dir='ltr'><strong>et</strong></span> <span class='ocrx_word' id='word_1_14' title='bbox 1576 426 1927 489; x_wconf 76' lang='lat' dir='ltr'><strong>inefficacem</strong></span> <span class='ocrx_word' id='word_1_15' title='bbox 1952 426 2249 489; x_wconf 73' lang='lat' dir='ltr'><strong>Materiam</strong></span> 
     </span>
     <span class='ocr_line' id='line_1_3' title="bbox 89 530 2249 616; baseline 0.001 -23"><span class='ocrx_word' id='word_1_16' title='bbox 89 532 355 594; x_wconf 82' lang='lat' dir='ltr'><strong>animari</strong></span> <span class='ocrx_word' id='word_1_17' title='bbox 397 534 472 593; x_wconf 85' lang='lat' dir='ltr'><strong>ab</strong></span> <span class='ocrx_word' id='word_1_18' title='bbox 505 532 614 593; x_wconf 87' lang='lat' dir='ltr'><strong>hoc</strong></span> <span class='ocrx_word' id='word_1_19' title='bbox 649 532 792 615; x_wconf 89' lang='lat' dir='ltr'><strong>Igne</strong></span> <span class='ocrx_word' id='word_1_20' title='bbox 817 530 958 614; x_wconf 91' lang='lat' dir='ltr'><strong>(illo</strong></span> <span class='ocrx_word' id='word_1_21' title='bbox 997 534 1096 613; x_wconf 83' lang='lat' dir='ltr'><strong>qui</strong></span> <span class='ocrx_word' id='word_1_22' title='bbox 1127 531 1320 607; x_wconf 85' lang='lat' dir='ltr'><strong>Deus,</strong></span> <span class='ocrx_word' id='word_1_23' title='bbox 1356 544 1415 593; x_wconf 86' lang='lat' dir='ltr'><strong>et</strong></span> <span class='ocrx_word' id='word_1_24' title='bbox 1448 531 1661 615; x_wconf 84' lang='lat' dir='ltr'><strong>Ratio)</strong></span> <span class='ocrx_word' id='word_1_25' title='bbox 1682 556 1701 593; x_wconf 71' lang='lat' dir='ltr'>a</span> <span class='ocrx_word' id='word_1_26' title='bbox 1740 554 1856 595; x_wconf 85' lang='lat' dir='ltr'><strong>non</strong></span> <span class='ocrx_word' id='word_1_27' title='bbox 1892 534 2055 594; x_wconf 86' lang='lat' dir='ltr'><strong>aliter</strong></span> <span class='ocrx_word' id='word_1_28' title='bbox 2080 556 2249 616; x_wconf 83' lang='lat' dir='ltr'><strong>quam</strong></span> 
     </span>
     <span class='ocr_line' id='line_1_4' title="bbox 88 635 2247 722; baseline 0.001 -24"><span class='ocrx_word' id='word_1_29' title='bbox 88 660 306 699; x_wconf 83' lang='lat' dir='ltr'><strong>semen</strong></span> <span class='ocrx_word' id='word_1_30' title='bbox 341 642 581 720; x_wconf 86' lang='lat' dir='ltr'><strong>ejusque</strong></span> <span class='ocrx_word' id='word_1_31' title='bbox 625 641 860 721; x_wconf 85' lang='lat' dir='ltr'><strong>spiritus</strong></span> <span class='ocrx_word' id='word_1_32' title='bbox 905 650 964 699; x_wconf 91' lang='lat' dir='ltr'><strong>et</strong></span> <span class='ocrx_word' id='word_1_33' title='bbox 1007 638 1164 699; x_wconf 84' lang='lat' dir='ltr'><strong>calor</strong></span> <span class='ocrx_word' id='word_1_34' title='bbox 1201 635 1401 699; x_wconf 82' lang='lat' dir='ltr'><strong>soetum</strong></span> <span class='ocrx_word' id='word_1_35' title='bbox 1440 638 1725 712; x_wconf 81' lang='lat' dir='ltr'><strong>formant,</strong></span> <span class='ocrx_word' id='word_1_36' title='bbox 1773 651 1985 722; x_wconf 78' lang='lat' dir='ltr'><strong>augent</strong></span> <span class='ocrx_word' id='word_1_37' title='bbox 2005 683 2023 714; x_wconf 90' lang='lat'><strong>,</strong></span> <span class='ocrx_word' id='word_1_38' title='bbox 2068 641 2247 701; x_wconf 88' lang='lat' dir='ltr'><strong>alunt.</strong></span> 
     </span>
     <span class='ocr_line' id='line_1_5' title="bbox 88 742 2253 828; baseline 0.001 -24"><span class='ocrx_word' id='word_1_39' title='bbox 88 744 147 803; x_wconf 84' lang='lat' dir='ltr'>N</span> <span class='ocrx_word' id='word_1_40' title='bbox 150 745 378 805; x_wconf 85' lang='lat' dir='ltr'><strong>otanda</strong></span> <span class='ocrx_word' id='word_1_41' title='bbox 407 747 582 828; x_wconf 85' lang='lat' dir='ltr'><strong>igitur</strong></span> <span class='ocrx_word' id='word_1_42' title='bbox 611 758 669 805; x_wconf 92' lang='lat' dir='ltr'><strong>et</strong></span> <span class='ocrx_word' id='word_1_43' title='bbox 697 744 790 805; x_wconf 88' lang='lat' dir='ltr'><strong>bic</strong></span> <span class='ocrx_word' id='word_1_44' title='bbox 827 749 980 827; x_wconf 71' lang='grc' dir='ltr'><strong>λόγου</strong></span> <span class='ocrx_word' id='word_1_45' title='bbox 1003 746 1206 821; x_wconf 71' lang='lat' dir='ltr'><strong>vocula</strong></span> <span class='ocrx_word' id='word_1_46' title='bbox 1229 768 1246 805; x_wconf 74' lang='lat' dir='ltr'><em>z</em></span> <span class='ocrx_word' id='word_1_47' title='bbox 1271 766 1387 826; x_wconf 89' lang='lat' dir='ltr'><strong>qua</strong></span> <span class='ocrx_word' id='word_1_48' title='bbox 1415 746 1615 807; x_wconf 83' lang='lat' dir='ltr'><strong>erebro</strong></span> <span class='ocrx_word' id='word_1_49' title='bbox 1641 747 1701 806; x_wconf 90' lang='lat' dir='ltr'><strong>in</strong></span> <span class='ocrx_word' id='word_1_50' title='bbox 1724 742 1831 805; x_wconf 86' lang='lat' dir='ltr'><strong>bae</strong></span> <span class='ocrx_word' id='word_1_51' title='bbox 1854 744 2253 807; x_wconf 83' lang='lat' dir='ltr'><strong>Generationis</strong></span> 
     </span>
     <span class='ocr_line' id='line_1_6' title="bbox 89 849 2250 933; baseline 0.002 -24"><span class='ocrx_word' id='word_1_52' title='bbox 89 872 160 909; x_wconf 89' lang='lat' dir='ltr'><strong>re</strong></span> <span class='ocrx_word' id='word_1_53' title='bbox 191 864 442 911; x_wconf 85' lang='lat' dir='ltr'><strong>utuntur</strong></span> <span class='ocrx_word' id='word_1_54' title='bbox 458 894 476 925; x_wconf 91' lang='lat'>,</span> <span class='ocrx_word' id='word_1_55' title='bbox 509 865 574 911; x_wconf 89' lang='lat' dir='ltr'><strong>ut</strong></span> <span class='ocrx_word' id='word_1_56' title='bbox 596 851 814 912; x_wconf 81' lang='lat' dir='ltr'>Seneca</span> <span class='ocrx_word' id='word_1_57' title='bbox 835 849 1062 933; x_wconf 88' lang='lat' dir='ltr'><strong>(Epist.</strong></span> <span class='ocrx_word' id='word_1_58' title='bbox 1091 849 1252 932; x_wconf 66' lang='grc' dir='ltr'><strong>ων)</strong></span> <span class='ocrx_word' id='word_1_59' title='bbox 1275 876 1293 910; x_wconf 83' lang='lat'><em>=</em></span> <span class='ocrx_word' id='word_1_60' title='bbox 1323 878 1351 905; x_wconf 78' lang='grc' dir='ltr'>α</span> <span class='ocrx_word' id='word_1_61' title='bbox 1370 852 1553 911; x_wconf 80' lang='lat' dir='ltr'><strong>Causa</strong></span> <span class='ocrx_word' id='word_1_62' title='bbox 1571 864 1759 915; x_wconf 87' lang='lat' dir='ltr'><strong>autem</strong></span> <span class='ocrx_word' id='word_1_63' title='bbox 1774 894 1795 929; x_wconf 88' lang='lat'><strong>,</strong></span> <span class='ocrx_word' id='word_1_64' title='bbox 1816 853 1879 912; x_wconf 91' lang='lat' dir='ltr'><strong>id</strong></span> <span class='ocrx_word' id='word_1_65' title='bbox 1900 866 1987 913; x_wconf 88' lang='lat' dir='ltr'><strong>est</strong></span> <span class='ocrx_word' id='word_1_66' title='bbox 2003 897 2021 928; x_wconf 86' lang='lat'>,</span> <span class='ocrx_word' id='word_1_67' title='bbox 2052 852 2250 929; x_wconf 82' lang='lat' dir='ltr'><strong>Ra&#39;tio,</strong></span> 
     </span>
     <span class='ocr_line' id='line_1_7' title="bbox 88 954 2255 1040; baseline 0.002 -25"><span class='ocrx_word' id='word_1_68' title='bbox 88 956 416 1017; x_wconf 78' lang='lat' dir='ltr'><strong>Materiam</strong></span> <span class='ocrx_word' id='word_1_69' title='bbox 445 956 674 1018; x_wconf 80' lang='lat' dir='ltr'><strong>format.</strong></span> <span class='ocrx_word' id='word_1_70' title='bbox 709 983 738 1010; x_wconf 72' lang='grc' dir='ltr'><strong>ι»</strong></span> <span class='ocrx_word' id='word_1_71' title='bbox 779 956 992 1017; x_wconf 87' lang='lat' dir='ltr'><strong>Iterum</strong></span> <span class='ocrx_word' id='word_1_72' title='bbox 1030 954 1299 1039; x_wconf 86' lang='lat' dir='ltr'><strong>(Consol.</strong></span> <span class='ocrx_word' id='word_1_73' title='bbox 1342 957 1417 1016; x_wconf 87' lang='lat' dir='ltr'><strong>a&#39;d</strong></span> <span class='ocrx_word' id='word_1_74' title='bbox 1446 956 1647 1031; x_wconf 59' lang='lat' dir='ltr'><strong>Helm,</strong></span> <span class='ocrx_word' id='word_1_75' title='bbox 1682 979 1809 1040; x_wconf 88' lang='lat' dir='ltr'><strong>cap.</strong></span> <span class='ocrx_word' id='word_1_76' title='bbox 1855 958 2010 1040; x_wconf 86' lang='lat' dir='ltr'><strong>vm)</strong></span> <span class='ocrx_word' id='word_1_77' title='bbox 2040 982 2059 1017; x_wconf 72' lang='grc' dir='ltr'><strong><em>ε</em></strong></span> <span class='ocrx_word' id='word_1_78' title='bbox 2091 987 2119 1013; x_wconf 75' lang='grc' dir='ltr'><strong><em>κ</em></strong></span> <span class='ocrx_word' id='word_1_79' title='bbox 2142 958 2255 1020; x_wconf 91' lang='lat' dir='ltr'><strong>In-</strong></span> 
     </span>
     <span class='ocr_line' id='line_1_8' title="bbox 91 1061 2255 1147; baseline 0.002 -24"><span class='ocrx_word' id='word_1_80' title='bbox 91 1062 420 1143; x_wconf 77' lang='lat' dir='ltr'><strong>corporalis</strong></span> <span class='ocrx_word' id='word_1_81' title='bbox 463 1062 632 1123; x_wconf 88' lang='lat' dir='ltr'><strong>Ratio</strong></span> <span class='ocrx_word' id='word_1_82' title='bbox 652 1106 670 1137; x_wconf 91' lang='lat'>,</span> <span class='ocrx_word' id='word_1_83' title='bbox 715 1064 1032 1145; x_wconf 86' lang='lat' dir='ltr'><strong>ingentium</strong></span> <span class='ocrx_word' id='word_1_84' title='bbox 1077 1083 1315 1143; x_wconf 86' lang='lat' dir='ltr'><strong>operum</strong></span> <span class='ocrx_word' id='word_1_85' title='bbox 1362 1061 1588 1123; x_wconf 77' lang='lat' dir='ltr'><strong>artifex.</strong></span> <span class='ocrx_word' id='word_1_86' title='bbox 1613 1090 1641 1115; x_wconf 69' lang='lat' dir='ltr'>u</span> <span class='ocrx_word' id='word_1_87' title='bbox 1676 1061 2005 1147; x_wconf 79' lang='lat' dir='ltr'><strong>lugentium</strong></span> <span class='ocrx_word' id='word_1_88' title='bbox 2026 1110 2045 1142; x_wconf 92' lang='lat'>,</span> <span class='ocrx_word' id='word_1_89' title='bbox 2087 1068 2255 1127; x_wconf 82' lang='lat' dir='ltr'><strong>totius</strong></span> 
     </span>
     <span class='ocr_line' id='line_1_9' title="bbox 89 1168 2253 1251; baseline 0.001 -22"><span class='ocrx_word' id='word_1_90' title='bbox 89 1168 338 1230; x_wconf 80' lang='lat' dir='ltr'><strong>Mundi.</strong></span> <span class='ocrx_word' id='word_1_91' title='bbox 362 1169 490 1245; x_wconf 78' lang='lat' dir='ltr'><strong>Ait,</strong></span> <span class='ocrx_word' id='word_1_92' title='bbox 518 1170 883 1251; x_wconf 54' lang='lat' dir='ltr'><strong>&amp;corporalis</strong></span> <span class='ocrx_word' id='word_1_93' title='bbox 906 1192 928 1231; x_wconf 90' lang='lat'><strong>.·</strong></span> <span class='ocrx_word' id='word_1_94' title='bbox 957 1170 1092 1250; x_wconf 86' lang='lat' dir='ltr'><strong>quia</strong></span> <span class='ocrx_word' id='word_1_95' title='bbox 1113 1190 1276 1229; x_wconf 89' lang='lat' dir='ltr'><strong>mens</strong></span> <span class='ocrx_word' id='word_1_96' title='bbox 1311 1172 1435 1251; x_wconf 87' lang='lat' dir='ltr'><strong>ipsa</strong></span> <span class='ocrx_word' id='word_1_97' title='bbox 1470 1169 1580 1230; x_wconf 91' lang='lat' dir='ltr'><strong>Dei</strong></span> <span class='ocrx_word' id='word_1_98' title='bbox 1619 1183 1705 1230; x_wconf 87' lang='lat' dir='ltr'><strong>est</strong></span> <span class='ocrx_word' id='word_1_99' title='bbox 1725 1214 1743 1243; x_wconf 90' lang='lat'>,</span> <span class='ocrx_word' id='word_1_100' title='bbox 1786 1186 1845 1231; x_wconf 86' lang='lat' dir='ltr'><strong>et</strong></span> <span class='ocrx_word' id='word_1_101' title='bbox 1882 1174 2106 1233; x_wconf 79' lang='lat' dir='ltr'><strong>animus</strong></span> <span class='ocrx_word' id='word_1_102' title='bbox 2125 1216 2146 1248; x_wconf 90' lang='lat'>,</span> <span class='ocrx_word' id='word_1_103' title='bbox 2190 1187 2253 1233; x_wconf 90' lang='lat' dir='ltr'><strong>ut</strong></span> 
     </span>
     <span class='ocr_line' id='line_1_10' title="bbox 91 1276 2257 1359; baseline 0.002 -24"><span class='ocrx_word' id='word_1_104' title='bbox 91 1279 180 1336; x_wconf 84' lang='lat' dir='ltr'><strong>sie</strong></span> <span class='ocrx_word' id='word_1_105' title='bbox 207 1276 436 1350; x_wconf 88' lang='lat' dir='ltr'><strong>dicam,</strong></span> <span class='ocrx_word' id='word_1_106' title='bbox 464 1276 644 1359; x_wconf 86' lang='lat' dir='ltr'><strong>Ignis.</strong></span> <span class='ocrx_word' id='word_1_107' title='bbox 677 1276 882 1336; x_wconf 87' lang='lat' dir='ltr'><strong>Fatum</strong></span> <span class='ocrx_word' id='word_1_108' title='bbox 915 1278 1320 1357; x_wconf 82' lang='lat' dir='ltr'><strong>interpretatur</strong></span> <span class='ocrx_word' id='word_1_109' title='bbox 1352 1276 1541 1351; x_wconf 82' lang='lat' dir='ltr'><strong>Zeno,</strong></span> <span class='ocrx_word' id='word_1_110' title='bbox 1576 1277 1674 1335; x_wconf 86' lang='lat' dir='ltr'><strong>alii</strong></span> <span class='ocrx_word' id='word_1_111' title='bbox 1710 1278 2127 1339; x_wconf 81' lang='lat' dir='ltr'><strong>Providentiam</strong></span> <span class='ocrx_word' id='word_1_112' title='bbox 2155 1303 2171 1337; x_wconf 72' lang='grc' dir='ltr'><strong>ε</strong></span> <span class='ocrx_word' id='word_1_113' title='bbox 2200 1291 2257 1340; x_wconf 89' lang='lat' dir='ltr'><strong>et</strong></span> 
     </span>
     <span class='ocr_line' id='line_1_11' title="bbox 91 1377 2248 1465; baseline 0 -22"><span class='ocrx_word' id='word_1_114' title='bbox 91 1382 322 1443; x_wconf 80' lang='lat' dir='ltr'><strong>utrovis</strong></span> <span class='ocrx_word' id='word_1_115' title='bbox 365 1398 539 1442; x_wconf 84' lang='lat' dir='ltr'><strong>sensu</strong></span> <span class='ocrx_word' id='word_1_116' title='bbox 568 1394 736 1463; x_wconf 85' lang='lat' dir='ltr'><strong>poeta</strong></span> <span class='ocrx_word' id='word_1_117' title='bbox 773 1380 1047 1442; x_wconf 82' lang='lat' dir='ltr'><strong>Manilius</strong></span> <span class='ocrx_word' id='word_1_118' title='bbox 1079 1377 1421 1463; x_wconf 85' lang='lat' dir='ltr'><strong>(germanus</strong></span> <span class='ocrx_word' id='word_1_119' title='bbox 1462 1380 1720 1462; x_wconf 89' lang='lat' dir='ltr'><strong>Stoicus)</strong></span> <span class='ocrx_word' id='word_1_120' title='bbox 1751 1383 1953 1463; x_wconf 82' lang='lat' dir='ltr'><strong>saepius</strong></span> <span class='ocrx_word' id='word_1_121' title='bbox 1993 1395 2248 1465; x_wconf 82' lang='lat' dir='ltr'><strong>usurpat.</strong></span> 
     </span>
     <span class='ocr_line' id='line_1_12' title="bbox 91 1486 2253 1571; baseline 0.001 -24"><span class='ocrx_word' id='word_1_122' title='bbox 91 1486 180 1547; x_wconf 92' lang='lat' dir='ltr'><strong>Ut</strong></span> <span class='ocrx_word' id='word_1_123' title='bbox 211 1489 278 1549; x_wconf 90' lang='lat' dir='ltr'><strong>in</strong></span> <span class='ocrx_word' id='word_1_124' title='bbox 307 1488 420 1549; x_wconf 88' lang='lat' dir='ltr'><strong>ista</strong></span> <span class='ocrx_word' id='word_1_125' title='bbox 447 1510 516 1549; x_wconf 86' lang='lat' dir='ltr'><strong>re</strong></span> <span class='ocrx_word' id='word_1_126' title='bbox 547 1487 820 1571; x_wconf 86' lang='lat' dir='ltr'><strong>gignendi</strong></span> <span class='ocrx_word' id='word_1_127' title='bbox 842 1530 860 1561; x_wconf 89' lang='lat'><strong>,</strong></span> <span class='ocrx_word' id='word_1_128' title='bbox 894 1488 1092 1549; x_wconf 88' lang='lat' dir='ltr'><strong>Sidera</strong></span> <span class='ocrx_word' id='word_1_129' title='bbox 1122 1499 1179 1546; x_wconf 91' lang='lat' dir='ltr'><strong>et</strong></span> <span class='ocrx_word' id='word_1_130' title='bbox 1212 1489 1411 1548; x_wconf 81' lang='lat' dir='ltr'><strong>eaelum</strong></span> <span class='ocrx_word' id='word_1_131' title='bbox 1429 1531 1447 1562; x_wconf 90' lang='lat'><strong>,</strong></span> <span class='ocrx_word' id='word_1_132' title='bbox 1490 1508 1615 1547; x_wconf 92' lang='lat' dir='ltr'><strong>esse</strong></span> <span class='ocrx_word' id='word_1_133' title='bbox 1658 1514 1685 1541; x_wconf 74' lang='grc' dir='ltr'><strong>α</strong></span> <span class='ocrx_word' id='word_1_134' title='bbox 1713 1488 1958 1547; x_wconf 85' lang='lat' dir='ltr'><strong>Caelestis</strong></span> <span class='ocrx_word' id='word_1_135' title='bbox 1996 1488 2253 1549; x_wconf 83' lang='lat' dir='ltr'><strong>Rationis</strong></span> 
     </span>
     <span class='ocr_line' id='line_1_13' title="bbox 94 1592 2337 1677; baseline 0.001 -23"><span class='ocrx_word' id='word_1_136' title='bbox 94 1617 248 1677; x_wconf 87' lang='lat' dir='ltr'><strong>opus</strong></span> <span class='ocrx_word' id='word_1_137' title='bbox 273 1592 418 1677; x_wconf 90' lang='lat' dir='ltr'><strong>(lib.</strong></span> <span class='ocrx_word' id='word_1_138' title='bbox 454 1592 545 1675; x_wconf 92' lang='grc' dir='ltr'><strong>Ι).</strong></span> <span class='ocrx_word' id='word_1_139' title='bbox 577 1619 608 1647; x_wconf 74' lang='lat' dir='ltr'><strong>n</strong></span> <span class='ocrx_word' id='word_1_140' title='bbox 651 1592 798 1653; x_wconf 80' lang='lat' dir='ltr'><strong>Tale</strong></span> <span class='ocrx_word' id='word_1_141' title='bbox 830 1614 1020 1655; x_wconf 80' lang='lat' dir='ltr'><strong>semen</strong></span> <span class='ocrx_word' id='word_1_142' title='bbox 1053 1592 1359 1675; x_wconf 69' lang='lat' dir='ltr'><strong>reliquisse.</strong></span> <span class='ocrx_word' id='word_1_143' title='bbox 1392 1594 1589 1674; x_wconf 87' lang='lat' dir='ltr'><strong>Ipsum</strong></span> <span class='ocrx_word' id='word_1_144' title='bbox 1625 1593 1826 1677; x_wconf 83' lang='lat' dir='ltr'><strong>Ignem</strong></span> <span class='ocrx_word' id='word_1_145' title='bbox 1849 1638 1866 1668; x_wconf 88' lang='lat'>,</span> <span class='ocrx_word' id='word_1_146' title='bbox 1907 1596 2027 1656; x_wconf 82' lang='lat' dir='ltr'><strong>sive</strong></span> <span class='ocrx_word' id='word_1_147' title='bbox 2076 1596 2254 1656; x_wconf 85' lang='lat' dir='ltr'><strong>Calo·</strong></span> <span class='ocrx_word' id='word_1_148' title='bbox 2327 1632 2337 1639; x_wconf 91' lang='lat'><em>-</em></span> 
     </span>
     <span class='ocr_line' id='line_1_14' title="bbox 93 1698 2253 1785; baseline 0 -22"><span class='ocrx_word' id='word_1_149' title='bbox 93 1724 226 1763; x_wconf 87' lang='lat' dir='ltr'><strong>rem</strong></span> <span class='ocrx_word' id='word_1_150' title='bbox 243 1746 262 1777; x_wconf 90' lang='lat'>,</span> <span class='ocrx_word' id='word_1_151' title='bbox 287 1702 391 1785; x_wconf 84' lang='lat' dir='ltr'><strong>qui</strong></span> <span class='ocrx_word' id='word_1_152' title='bbox 413 1700 673 1762; x_wconf 80' lang='lat' dir='ltr'><strong>Humido</strong></span> <span class='ocrx_word' id='word_1_153' title='bbox 687 1702 978 1773; x_wconf 79' lang='lat' dir='ltr'><strong>miscetur,</strong></span> <span class='ocrx_word' id='word_1_154' title='bbox 1002 1712 1170 1759; x_wconf 76' lang='lat' dir='ltr'><strong>vocat</strong></span> <span class='ocrx_word' id='word_1_155' title='bbox 1183 1698 1418 1761; x_wconf 77' lang='lat' dir='ltr'><strong>Semm:</strong></span> <span class='ocrx_word' id='word_1_156' title='bbox 1434 1698 1676 1761; x_wconf 74' lang='lat' dir='ltr'><strong>Ratione</strong></span> <span class='ocrx_word' id='word_1_157' title='bbox 1702 1714 1891 1761; x_wconf 79' lang='lat' dir='ltr'><strong>tamen</strong></span> <span class='ocrx_word' id='word_1_158' title='bbox 1912 1702 2009 1763; x_wconf 85' lang='lat' dir='ltr'><strong>illa</strong></span> <span class='ocrx_word' id='word_1_159' title='bbox 2026 1724 2253 1785; x_wconf 84' lang='lat' dir='ltr'><strong>semper</strong></span> 
     </span>
     <span class='ocr_line' id='line_1_15' title="bbox 95 1803 2252 1890; baseline 0.001 -23"><span class='ocrx_word' id='word_1_160' title='bbox 95 1807 397 1888; x_wconf 83' lang='lat' dir='ltr'><strong>adjuncta.</strong></span> <span class='ocrx_word' id='word_1_161' title='bbox 431 1803 798 1879; x_wconf 74' lang='lat' dir='ltr'><strong>Plutarchus,</strong></span> <span class='ocrx_word' id='word_1_162' title='bbox 831 1804 1100 1865; x_wconf 84' lang='lat' dir='ltr'><strong>adversus</strong></span> <span class='ocrx_word' id='word_1_163' title='bbox 1133 1816 1354 1865; x_wconf 87' lang='lat' dir='ltr'><strong>nostros</strong></span> <span class='ocrx_word' id='word_1_164' title='bbox 1382 1828 1401 1865; x_wconf 86' lang='lat'><em>=</em></span> <span class='ocrx_word' id='word_1_165' title='bbox 1432 1832 1459 1859; x_wconf 76' lang='grc' dir='ltr'><strong>α</strong></span> <span class='ocrx_word' id='word_1_166' title='bbox 1482 1806 1689 1865; x_wconf 78' lang='lat' dir='ltr'><strong>Mundi</strong></span> <span class='ocrx_word' id='word_1_167' title='bbox 1710 1828 1904 1868; x_wconf 90' lang='lat' dir='ltr'><strong>semen</strong></span> <span class='ocrx_word' id='word_1_168' title='bbox 1929 1807 2127 1890; x_wconf 85' lang='lat' dir='ltr'><strong>Ignem</strong></span> <span class='ocrx_word' id='word_1_169' title='bbox 2154 1809 2252 1869; x_wconf 88' lang='lat' dir='ltr'><strong>di-</strong></span> 
     </span>
     <span class='ocr_line' id='line_1_16' title="bbox 96 1909 2251 1994; baseline 0.002 -22"><span class='ocrx_word' id='word_1_170' title='bbox 96 1924 264 1973; x_wconf 82' lang='lat' dir='ltr'><strong>eunt.</strong></span> <span class='ocrx_word' id='word_1_171' title='bbox 296 1936 325 1965; x_wconf 71' lang='grc' dir='ltr'><strong>υ</strong></span> <span class='ocrx_word' id='word_1_172' title='bbox 355 1910 487 1971; x_wconf 79' lang='lat' dir='ltr'><strong>Alio</strong></span> <span class='ocrx_word' id='word_1_173' title='bbox 525 1910 702 1971; x_wconf 81' lang='lat' dir='ltr'><strong>verbo</strong></span> <span class='ocrx_word' id='word_1_174' title='bbox 723 1953 742 1984; x_wconf 92' lang='lat'><strong>‚</strong></span> <span class='ocrx_word' id='word_1_175' title='bbox 785 1909 888 1971; x_wconf 85' lang='lat' dir='ltr'><strong>sed</strong></span> <span class='ocrx_word' id='word_1_176' title='bbox 935 1909 1136 1971; x_wconf 84' lang='lat' dir='ltr'><strong>eodem</strong></span> <span class='ocrx_word' id='word_1_177' title='bbox 1169 1931 1344 1970; x_wconf 85' lang='lat' dir='ltr'><strong>sensu</strong></span> <span class='ocrx_word' id='word_1_178' title='bbox 1360 1954 1378 1985; x_wconf 90' lang='lat'><strong>,</strong></span> <span class='ocrx_word' id='word_1_179' title='bbox 1413 1912 1719 1973; x_wconf 83' lang='lat' dir='ltr'><strong>Aristocles</strong></span> <span class='ocrx_word' id='word_1_180' title='bbox 1744 1912 1901 1994; x_wconf 85' lang='lat' dir='ltr'><strong>apud</strong></span> <span class='ocrx_word' id='word_1_181' title='bbox 1938 1913 2251 1977; x_wconf 86' lang='lat' dir='ltr'><strong>Eusebium</strong></span> 
     </span>
     <span class='ocr_line' id='line_1_17' title="bbox 96 2014 2251 2103; baseline 0.003 -28"><span class='ocrx_word' id='word_1_182' title='bbox 96 2015 172 2100; x_wconf 92' lang='lat' dir='ltr'><strong>(I</strong></span> <span class='ocrx_word' id='word_1_183' title='bbox 203 2014 389 2077; x_wconf 77' lang='lat' dir='ltr'><strong>Acad.</strong></span> <span class='ocrx_word' id='word_1_184' title='bbox 413 2014 442 2098; x_wconf 95' lang='lat'>)</span> <span class='ocrx_word' id='word_1_185' title='bbox 481 2039 499 2077; x_wconf 74' lang='grc' dir='ltr'><em>ε</em></span> <span class='ocrx_word' id='word_1_186' title='bbox 539 2043 568 2071; x_wconf 70' lang='grc' dir='ltr'><strong>α</strong></span> <span class='ocrx_word' id='word_1_187' title='bbox 592 2015 955 2093; x_wconf 80' lang='lat' dir='ltr'><strong>Elementum</strong></span> <span class='ocrx_word' id='word_1_188' title='bbox 980 2037 1170 2077; x_wconf 88' lang='lat' dir='ltr'><strong>rerum</strong></span> <span class='ocrx_word' id='word_1_189' title='bbox 1191 2017 1447 2077; x_wconf 88' lang='lat' dir='ltr'><strong>omnium</strong></span> <span class='ocrx_word' id='word_1_190' title='bbox 1468 2017 1670 2099; x_wconf 83' lang='lat' dir='ltr'><strong>Ignem</strong></span> <span class='ocrx_word' id='word_1_191' title='bbox 1690 2017 1915 2094; x_wconf 89' lang='lat' dir='ltr'><strong>dicunt,</strong></span> <span class='ocrx_word' id='word_1_192' title='bbox 1940 2021 2063 2099; x_wconf 86' lang='lat' dir='ltr'><strong>ejus</strong></span> <span class='ocrx_word' id='word_1_193' title='bbox 2085 2024 2251 2103; x_wconf 87' lang='lat' dir='ltr'><strong>prin-</strong></span> 
     </span>
     <span class='ocr_line' id='line_1_18' title="bbox 98 2120 2248 2209; baseline 0.003 -27"><span class='ocrx_word' id='word_1_194' title='bbox 98 2124 258 2203; x_wconf 87' lang='lat' dir='ltr'><strong>cipia</strong></span> <span class='ocrx_word' id='word_1_195' title='bbox 280 2166 298 2197; x_wconf 89' lang='lat'>,</span> <span class='ocrx_word' id='word_1_196' title='bbox 341 2120 534 2183; x_wconf 89' lang='lat' dir='ltr'><strong>Deum</strong></span> <span class='ocrx_word' id='word_1_197' title='bbox 567 2135 627 2183; x_wconf 85' lang='lat' dir='ltr'><strong>et</strong></span> <span class='ocrx_word' id='word_1_198' title='bbox 665 2122 988 2183; x_wconf 79' lang='lat' dir='ltr'><strong>Materiam.</strong></span> <span class='ocrx_word' id='word_1_199' title='bbox 1019 2150 1047 2177; x_wconf 76' lang='grc' dir='ltr'><strong>ι»</strong></span> <span class='ocrx_word' id='word_1_200' title='bbox 1091 2122 1249 2183; x_wconf 89' lang='lat' dir='ltr'><strong>Bene</strong></span> <span class='ocrx_word' id='word_1_201' title='bbox 1283 2124 1625 2195; x_wconf 81' lang='lat' dir='ltr'><strong>Aristocles3</strong></span> <span class='ocrx_word' id='word_1_202' title='bbox 1666 2137 1725 2183; x_wconf 90' lang='lat' dir='ltr'><strong>et</strong></span> <span class='ocrx_word' id='word_1_203' title='bbox 1761 2124 1918 2185; x_wconf 91' lang='lat' dir='ltr'><strong>Deus</strong></span> <span class='ocrx_word' id='word_1_204' title='bbox 1943 2128 2083 2185; x_wconf 86' lang='lat' dir='ltr'><strong>-sive</strong></span> <span class='ocrx_word' id='word_1_205' title='bbox 2125 2130 2248 2209; x_wconf 82' lang='lat' dir='ltr'><strong>ipsa</strong></span> 
     </span>
     <span class='ocr_line' id='line_1_19' title="bbox 99 2227 2247 2314; baseline 0.002 -24"><span class='ocrx_word' id='word_1_206' title='bbox 99 2229 276 2290; x_wconf 82' lang='lat' dir='ltr'><strong>Ratio</strong></span> <span class='ocrx_word' id='word_1_207' title='bbox 293 2272 314 2304; x_wconf 89' lang='lat'>‚</span> <span class='ocrx_word' id='word_1_208' title='bbox 349 2228 424 2290; x_wconf 84' lang='lat' dir='ltr'><strong>ab</strong></span> <span class='ocrx_word' id='word_1_209' title='bbox 453 2227 564 2288; x_wconf 84' lang='lat' dir='ltr'><strong>hoc</strong></span> <span class='ocrx_word' id='word_1_210' title='bbox 589 2229 734 2311; x_wconf 83' lang='lat' dir='ltr'><strong>Igne</strong></span> <span class='ocrx_word' id='word_1_211' title='bbox 763 2228 1125 2311; x_wconf 71' lang='lat' dir='ltr'><strong>dispar-anda.</strong></span> <span class='ocrx_word' id='word_1_212' title='bbox 1172 2257 1200 2282; x_wconf 75' lang='grc' dir='ltr'><strong>ιι</strong></span> <span class='ocrx_word' id='word_1_213' title='bbox 1226 2227 1379 2288; x_wconf 89' lang='lat' dir='ltr'><strong>Zeno</strong></span> <span class='ocrx_word' id='word_1_214' title='bbox 1398 2272 1415 2303; x_wconf 87' lang='lat'><strong>,</strong></span> <span class='ocrx_word' id='word_1_215' title='bbox 1450 2228 1605 2310; x_wconf 80' lang='lat' dir='ltr'><strong>apud</strong></span> <span class='ocrx_word' id='word_1_216' title='bbox 1634 2228 1963 2291; x_wconf 88' lang='lat' dir='ltr'><strong>Ciceronem</strong></span> <span class='ocrx_word' id='word_1_217' title='bbox 1983 2232 2159 2314; x_wconf 86' lang='lat' dir='ltr'><strong>(Cic.,</strong></span> <span class='ocrx_word' id='word_1_218' title='bbox 2186 2237 2247 2294; x_wconf 91' lang='lat'><strong>11</strong></span> 
     </span>
     <span class='ocr_line' id='line_1_20' title="bbox 101 2331 2247 2420; baseline 0.003 -27"><span class='ocrx_word' id='word_1_219' title='bbox 101 2335 182 2394; x_wconf 79' lang='lat' dir='ltr'><strong>tle</strong></span> <span class='ocrx_word' id='word_1_220' title='bbox 201 2333 333 2393; x_wconf 85' lang='lat' dir='ltr'><strong>Nat.</strong></span> <span class='ocrx_word' id='word_1_221' title='bbox 359 2331 616 2414; x_wconf 89' lang='lat' dir='ltr'><strong>Deor.),</strong></span> <span class='ocrx_word' id='word_1_222' title='bbox 654 2335 847 2392; x_wconf 81' lang='lat' dir='ltr'><strong>statuit</strong></span> <span class='ocrx_word' id='word_1_223' title='bbox 889 2331 1091 2412; x_wconf 83' lang='lat' dir='ltr'><strong>Ignem</strong></span> <span class='ocrx_word' id='word_1_224' title='bbox 1127 2353 1250 2392; x_wconf 89' lang='lat' dir='ltr'><strong>esse</strong></span> <span class='ocrx_word' id='word_1_225' title='bbox 1281 2334 1465 2414; x_wconf 85' lang='lat' dir='ltr'><strong>ipsam</strong></span> <span class='ocrx_word' id='word_1_226' title='bbox 1502 2346 1759 2394; x_wconf 81' lang='lat' dir='ltr'><strong>naturam</strong></span> <span class='ocrx_word' id='word_1_227' title='bbox 1781 2379 1797 2408; x_wconf 92' lang='lat'>‚</span> <span class='ocrx_word' id='word_1_228' title='bbox 1836 2358 1961 2416; x_wconf 72' lang='lat' dir='ltr'><strong>quae</strong></span> <span class='ocrx_word' id='word_1_229' title='bbox 1993 2339 2247 2420; x_wconf 82' lang='lat' dir='ltr'><strong>quidque</strong></span> 
     </span>
     <span class='ocr_line' id='line_1_21' title="bbox 99 2436 2245 2526; baseline 0.003 -28"><span class='ocrx_word' id='word_1_230' title='bbox 99 2441 404 2524; x_wconf 83' lang='lat' dir='ltr'><strong>gigneret,</strong></span> <span class='ocrx_word' id='word_1_231' title='bbox 437 2449 497 2497; x_wconf 91' lang='lat' dir='ltr'><strong>et</strong></span> <span class='ocrx_word' id='word_1_232' title='bbox 523 2448 776 2496; x_wconf 87' lang='lat' dir='ltr'><strong>mentem</strong></span> <span class='ocrx_word' id='word_1_233' title='bbox 805 2448 978 2518; x_wconf 84' lang='lat' dir='ltr'><strong>atque</strong></span> <span class='ocrx_word' id='word_1_234' title='bbox 1010 2457 1230 2496; x_wconf 87' lang='lat' dir='ltr'><strong>sensus.</strong></span> <span class='ocrx_word' id='word_1_235' title='bbox 1259 2461 1289 2489; x_wconf 70' lang='lat' dir='ltr'><strong>n</strong></span> <span class='ocrx_word' id='word_1_236' title='bbox 1321 2436 1521 2512; x_wconf 84' lang='lat' dir='ltr'><strong>Qualis</strong></span> <span class='ocrx_word' id='word_1_237' title='bbox 1557 2449 1747 2498; x_wconf 89' lang='lat' dir='ltr'><strong>autem</strong></span> <span class='ocrx_word' id='word_1_238' title='bbox 1772 2438 1866 2500; x_wconf 84' lang='lat' dir='ltr'><strong>hic</strong></span> <span class='ocrx_word' id='word_1_239' title='bbox 1898 2441 2096 2526; x_wconf 80' lang='lat' dir='ltr'><strong>Ignis?</strong></span> <span class='ocrx_word' id='word_1_240' title='bbox 2132 2467 2245 2506; x_wconf 89' lang='lat' dir='ltr'><strong>non</strong></span> 
     </span>
     <span class='ocr_line' id='line_1_22' title="bbox 99 2541 2245 2636; baseline 0.003 -32"><span class='ocrx_word' id='word_1_241' title='bbox 99 2559 174 2604; x_wconf 89' lang='lat' dir='ltr'><strong>ut</strong></span> <span class='ocrx_word' id='word_1_242' title='bbox 205 2544 300 2604; x_wconf 88' lang='lat' dir='ltr'><strong>ille</strong></span> <span class='ocrx_word' id='word_1_243' title='bbox 327 2555 521 2604; x_wconf 86' lang='lat' dir='ltr'><strong>noster</strong></span> <span class='ocrx_word' id='word_1_244' title='bbox 537 2586 554 2618; x_wconf 92' lang='lat'><strong>,</strong></span> <span class='ocrx_word' id='word_1_245' title='bbox 591 2544 694 2624; x_wconf 82' lang='lat' dir='ltr'><strong>qui</strong></span> <span class='ocrx_word' id='word_1_246' title='bbox 720 2553 924 2602; x_wconf 82' lang='lat' dir='ltr'><strong>cuncta</strong></span> <span class='ocrx_word' id='word_1_247' title='bbox 951 2541 1232 2602; x_wconf 82' lang='lat' dir='ltr'><strong>disturbat</strong></span> <span class='ocrx_word' id='word_1_248' title='bbox 1255 2565 1322 2602; x_wconf 86' lang='lat' dir='ltr'><strong>ac</strong></span> <span class='ocrx_word' id='word_1_249' title='bbox 1348 2541 1587 2626; x_wconf 83' lang='lat' dir='ltr'><strong>dissipat</strong></span> <span class='ocrx_word' id='word_1_250' title='bbox 1609 2567 1627 2603; x_wconf 73' lang='grc' dir='ltr'><em>ε</em></span> <span class='ocrx_word' id='word_1_251' title='bbox 1653 2544 1759 2607; x_wconf 88' lang='lat' dir='ltr'><strong>sed</strong></span> <span class='ocrx_word' id='word_1_252' title='bbox 1790 2573 1819 2600; x_wconf 75' lang='grc' dir='ltr'><strong>α</strong></span> <span class='ocrx_word' id='word_1_253' title='bbox 1834 2549 2021 2608; x_wconf 70' lang='lat' dir='ltr'><strong>vitulis</strong></span> <span class='ocrx_word' id='word_1_254' title='bbox 2054 2571 2120 2610; x_wconf 84' lang='lat' dir='ltr'><strong>ac</strong></span> <span class='ocrx_word' id='word_1_255' title='bbox 2148 2573 2245 2636; x_wconf 49' lang='grc' dir='ltr'><strong>ες-</strong></span> 
     </span>
     <span class='ocr_line' id='line_1_23' title="bbox 103 2647 2246 2737; baseline 0.003 -26"><span class='ocrx_word' id='word_1_256' title='bbox 103 2650 306 2713; x_wconf 87' lang='lat' dir='ltr'><strong>lutaris</strong></span> <span class='ocrx_word' id='word_1_257' title='bbox 320 2693 338 2724; x_wconf 90' lang='lat'>‚</span> <span class='ocrx_word' id='word_1_258' title='bbox 374 2651 474 2731; x_wconf 89' lang='lat' dir='ltr'><strong>qui</strong></span> <span class='ocrx_word' id='word_1_259' title='bbox 503 2649 694 2709; x_wconf 87' lang='lat' dir='ltr'><strong>omnia</strong></span> <span class='ocrx_word' id='word_1_260' title='bbox 726 2660 1022 2708; x_wconf 81' lang='lat' dir='ltr'><strong>conservat</strong></span> <span class='ocrx_word' id='word_1_261' title='bbox 1038 2691 1055 2721; x_wconf 88' lang='lat'>,</span> <span class='ocrx_word' id='word_1_262' title='bbox 1094 2647 1194 2708; x_wconf 88' lang='lat' dir='ltr'><strong>alit</strong></span> <span class='ocrx_word' id='word_1_263' title='bbox 1209 2691 1226 2722; x_wconf 91' lang='lat'><strong>,</strong></span> <span class='ocrx_word' id='word_1_264' title='bbox 1263 2661 1465 2731; x_wconf 87' lang='lat' dir='ltr'><strong>auget,</strong></span> <span class='ocrx_word' id='word_1_265' title='bbox 1497 2652 1737 2711; x_wconf 86' lang='lat' dir='ltr'><strong>sustinet</strong></span> <span class='ocrx_word' id='word_1_266' title='bbox 1751 2695 1769 2728; x_wconf 87' lang='lat'>‚</span> <span class='ocrx_word' id='word_1_267' title='bbox 1815 2673 2097 2737; x_wconf 88' lang='lat' dir='ltr'><strong>sensuque</strong></span> <span class='ocrx_word' id='word_1_268' title='bbox 2121 2660 2246 2718; x_wconf 86' lang='lat' dir='ltr'><strong>affi-</strong></span> 
     </span>
     <span class='ocr_line' id='line_1_24' title="bbox 109 2754 2241 2841; baseline 0.004 -23"><span class='ocrx_word' id='word_1_269' title='bbox 109 2759 194 2818; x_wconf 86' lang='lat' dir='ltr'><strong>cit</strong></span> <span class='ocrx_word' id='word_1_270' title='bbox 222 2781 240 2818; x_wconf 71' lang='grc' dir='ltr'><em>ε</em></span> <span class='ocrx_word' id='word_1_271' title='bbox 269 2783 298 2811; x_wconf 68' lang='lat' dir='ltr'><strong>»v</strong></span> <span class='ocrx_word' id='word_1_272' title='bbox 324 2757 550 2838; x_wconf 77' lang='lat' dir='ltr'><strong>qualem</strong></span> <span class='ocrx_word' id='word_1_273' title='bbox 571 2757 633 2815; x_wconf 90' lang='lat' dir='ltr'><strong>in</strong></span> <span class='ocrx_word' id='word_1_274' title='bbox 656 2755 938 2815; x_wconf 80' lang='lat' dir='ltr'><strong>sideribus</strong></span> <span class='ocrx_word' id='word_1_275' title='bbox 957 2754 1238 2814; x_wconf 81' lang='lat' dir='ltr'><strong>videmus.</strong></span> <span class='ocrx_word' id='word_1_276' title='bbox 1271 2754 1443 2816; x_wconf 88' lang='lat' dir='ltr'><strong>Plura</strong></span> <span class='ocrx_word' id='word_1_277' title='bbox 1462 2769 1653 2818; x_wconf 88' lang='lat' dir='ltr'><strong>autem</strong></span> <span class='ocrx_word' id='word_1_278' title='bbox 1684 2779 1859 2841; x_wconf 87' lang='lat' dir='ltr'><strong>super</strong></span> <span class='ocrx_word' id='word_1_279' title='bbox 1879 2773 1995 2823; x_wconf 87' lang='lat' dir='ltr'><strong>tota</strong></span> <span class='ocrx_word' id='word_1_280' title='bbox 2014 2762 2121 2825; x_wconf 83' lang='lat' dir='ltr'><strong>hac</strong></span> <span class='ocrx_word' id='word_1_281' title='bbox 2140 2788 2205 2827; x_wconf 88' lang='lat' dir='ltr'><strong>re</strong></span> <span class='ocrx_word' id='word_1_282' title='bbox 2222 2809 2241 2840; x_wconf 89' lang='lat'>,</span> 
     </span>
     <span class='ocr_line' id='line_1_25' title="bbox 111 2858 2245 2943; baseline 0.002 -19"><span class='ocrx_word' id='word_1_283' title='bbox 111 2865 214 2924; x_wconf 82' lang='lat' dir='ltr'><strong>ubi</strong></span> <span class='ocrx_word' id='word_1_284' title='bbox 251 2863 321 2924; x_wconf 85' lang='lat' dir='ltr'><strong>de</strong></span> <span class='ocrx_word' id='word_1_285' title='bbox 353 2863 666 2924; x_wconf 82' lang='lat' dir='ltr'><strong>Exustione</strong></span> <span class='ocrx_word' id='word_1_286' title='bbox 705 2858 928 2920; x_wconf 83' lang='lat' dir='ltr'><strong>mundi.</strong></span> <span class='ocrx_word' id='word_1_287' title='bbox 966 2859 1184 2920; x_wconf 85' lang='lat' dir='ltr'><strong>Ultima</strong></span> <span class='ocrx_word' id='word_1_288' title='bbox 1217 2859 1427 2920; x_wconf 88' lang='lat' dir='ltr'><strong>Laertii</strong></span> <span class='ocrx_word' id='word_1_289' title='bbox 1453 2884 1470 2920; x_wconf 71' lang='lat' dir='ltr'><em>z</em></span> <span class='ocrx_word' id='word_1_290' title='bbox 1496 2861 1673 2940; x_wconf 68' lang='lat' dir='ltr'><strong>Gt‘gm&#39;</strong></span> <span class='ocrx_word' id='word_1_291' title='bbox 1694 2865 1939 2943; x_wconf 75' lang='lat' dir='ltr'><strong>pn’enum</strong></span> <span class='ocrx_word' id='word_1_292' title='bbox 1971 2869 2245 2928; x_wconf 82' lang='lat' dir='ltr'><strong>elementa</strong></span> 
     </span>
     <span class='ocr_line' id='line_1_26' title="bbox 111 2967 2237 3054; baseline 0.001 -24"><span class='ocrx_word' id='word_1_293' title='bbox 111 2980 369 3054; x_wconf 72' lang='grc' dir='ltr'><strong>φιαωον,</strong></span> <span class='ocrx_word' id='word_1_294' title='bbox 407 2971 622 3049; x_wconf 63' lang='grc' dir='ltr'><strong><em>ἰφιεω,</em></strong></span> <span class='ocrx_word' id='word_1_295' title='bbox 669 2987 908 3051; x_wconf 64' lang='lat' dir='ltr'><strong>mam,</strong></span> <span class='ocrx_word' id='word_1_296' title='bbox 953 2987 1174 3037; x_wconf 79' lang='lat' dir='ltr'><strong>aerem,</strong></span> <span class='ocrx_word' id='word_1_297' title='bbox 1221 2975 1454 3028; x_wconf 74' lang='lat' dir='ltr'><strong>tetram.</strong></span> <span class='ocrx_word' id='word_1_298' title='bbox 1480 2967 1665 3046; x_wconf 44' lang='lat' dir='ltr'><strong>‚Idem</strong></span> <span class='ocrx_word' id='word_1_299' title='bbox 1708 2967 1965 3030; x_wconf 83' lang='lat' dir='ltr'><strong>Laertius</strong></span> <span class='ocrx_word' id='word_1_300' title='bbox 2002 2986 2196 3052; x_wconf 87' lang='lat' dir='ltr'><strong>postea</strong></span> <span class='ocrx_word' id='word_1_301' title='bbox 2220 2997 2237 3032; x_wconf 72' lang='grc' dir='ltr'><strong>ε</strong></span> 
     </span>
     <span class='ocr_line' id='line_1_27' title="bbox 119 3069 2243 3159; baseline 0.002 -26"><span class='ocrx_word' id='word_1_302' title='bbox 119 3107 146 3132; x_wconf 67' lang='grc' dir='ltr'><strong>α</strong></span> <span class='ocrx_word' id='word_1_303' title='bbox 179 3075 346 3159; x_wconf 85' lang='lat' dir='ltr'><strong>Gigni</strong></span> <span class='ocrx_word' id='word_1_304' title='bbox 381 3075 699 3148; x_wconf 84' lang='lat' dir='ltr'><strong>Mundum,</strong></span> <span class='ocrx_word' id='word_1_305' title='bbox 725 3095 906 3156; x_wconf 88' lang='lat' dir='ltr'><strong>quum</strong></span> <span class='ocrx_word' id='word_1_306' title='bbox 941 3095 1013 3133; x_wconf 82' lang='lat' dir='ltr'><strong>ex</strong></span> <span class='ocrx_word' id='word_1_307' title='bbox 1037 3070 1180 3154; x_wconf 89' lang='lat' dir='ltr'><strong>Igne</strong></span> <span class='ocrx_word' id='word_1_308' title='bbox 1205 3069 1345 3155; x_wconf 87' lang='lat' dir='ltr'><strong>(qui</strong></span> <span class='ocrx_word' id='word_1_309' title='bbox 1368 3074 1648 3134; x_wconf 84' lang='lat' dir='ltr'><strong>exustioni</strong></span> <span class='ocrx_word' id='word_1_310' title='bbox 1672 3073 1961 3159; x_wconf 84' lang='lat' dir='ltr'><strong>reliquus)</strong></span> <span class='ocrx_word' id='word_1_311' title='bbox 1982 3075 2243 3138; x_wconf 84' lang='lat' dir='ltr'><strong>Essentia</strong></span> 
     </span>
     <span class='ocr_line' id='line_1_28' title="bbox 113 3179 2239 3264; baseline 0 -20"><span class='ocrx_word' id='word_1_312' title='bbox 113 3185 346 3244; x_wconf 80' lang='lat' dir='ltr'><strong>vertitur</strong></span> <span class='ocrx_word' id='word_1_313' title='bbox 365 3203 470 3264; x_wconf 80' lang='lat' dir='ltr'><strong>per</strong></span> <span class='ocrx_word' id='word_1_314' title='bbox 483 3182 691 3245; x_wconf 79' lang='lat' dir='ltr'><strong>Aerem</strong></span> <span class='ocrx_word' id='word_1_315' title='bbox 711 3180 774 3241; x_wconf 86' lang='lat' dir='ltr'><strong>in</strong></span> <span class='ocrx_word' id='word_1_316' title='bbox 791 3180 1140 3250; x_wconf 84' lang='lat' dir='ltr'><strong>Humorem;</strong></span> <span class='ocrx_word' id='word_1_317' title='bbox 1165 3179 1376 3238; x_wconf 86' lang='lat' dir='ltr'><strong>deinde</strong></span> <span class='ocrx_word' id='word_1_318' title='bbox 1394 3182 1633 3240; x_wconf 82' lang='lat' dir='ltr'><strong>crassior</strong></span> <span class='ocrx_word' id='word_1_319' title='bbox 1652 3182 1772 3261; x_wconf 89' lang='lat' dir='ltr'><strong>ejus</strong></span> <span class='ocrx_word' id='word_1_320' title='bbox 1794 3203 1925 3262; x_wconf 85' lang='lat' dir='ltr'><strong>pars</strong></span> <span class='ocrx_word' id='word_1_321' title='bbox 1948 3184 2010 3242; x_wconf 83' lang='lat' dir='ltr'><strong>fit</strong></span> <span class='ocrx_word' id='word_1_322' title='bbox 2028 3184 2203 3245; x_wconf 84' lang='lat' dir='ltr'><strong>Terra</strong></span> <span class='ocrx_word' id='word_1_323' title='bbox 2220 3211 2239 3258; x_wconf 70' lang='grc' dir='ltr'><strong><em>ς</em></strong></span> 
     </span>
     <span class='ocr_line' id='line_1_29' title="bbox 117 3285 2243 3374; baseline 0.003 -26"><span class='ocrx_word' id='word_1_324' title='bbox 117 3289 270 3374; x_wconf 76' lang='lat' dir='ltr'><strong>quod</strong></span> <span class='ocrx_word' id='word_1_325' title='bbox 293 3290 548 3361; x_wconf 84' lang='lat' dir='ltr'><strong>tenuius,</strong></span> <span class='ocrx_word' id='word_1_326' title='bbox 573 3289 725 3358; x_wconf 82' lang='lat' dir='ltr'><strong>Aer;</strong></span> <span class='ocrx_word' id='word_1_327' title='bbox 757 3287 1041 3368; x_wconf 87' lang='lat' dir='ltr'><strong>reliquum</strong></span> <span class='ocrx_word' id='word_1_328' title='bbox 1073 3286 1254 3368; x_wconf 82' lang='lat' dir='ltr'><strong>magis</strong></span> <span class='ocrx_word' id='word_1_329' title='bbox 1285 3297 1489 3360; x_wconf 89' lang='lat' dir='ltr'><strong>tenue,</strong></span> <span class='ocrx_word' id='word_1_330' title='bbox 1515 3285 1695 3368; x_wconf 86' lang='lat' dir='ltr'><strong>Ignis.</strong></span> <span class='ocrx_word' id='word_1_331' title='bbox 1722 3313 1750 3340; x_wconf 72' lang='lat' dir='ltr'><em>w</em></span> <span class='ocrx_word' id='word_1_332' title='bbox 1774 3287 1885 3348; x_wconf 91' lang='lat' dir='ltr'><strong>Sed</strong></span> <span class='ocrx_word' id='word_1_333' title='bbox 1904 3287 1999 3350; x_wconf 87' lang='lat' dir='ltr'><strong>hic</strong></span> <span class='ocrx_word' id='word_1_334' title='bbox 2015 3289 2243 3374; x_wconf 82' lang='lat' dir='ltr'><strong>Aquam</strong></span> 
     </span>
     <span class='ocr_line' id='line_1_30' title="bbox 117 3393 2242 3482; baseline 0.002 -24"><span class='ocrx_word' id='word_1_335' title='bbox 117 3397 351 3469; x_wconf 86' lang='lat' dir='ltr'><strong>omittit,</strong></span> <span class='ocrx_word' id='word_1_336' title='bbox 395 3409 560 3456; x_wconf 84' lang='lat' dir='ltr'><strong>antea</strong></span> <span class='ocrx_word' id='word_1_337' title='bbox 589 3395 830 3476; x_wconf 83' lang='lat' dir='ltr'><strong>positam</strong></span> <span class='ocrx_word' id='word_1_338' title='bbox 849 3437 865 3467; x_wconf 90' lang='lat'>‚</span> <span class='ocrx_word' id='word_1_339' title='bbox 907 3405 966 3454; x_wconf 89' lang='lat' dir='ltr'><strong>et</strong></span> <span class='ocrx_word' id='word_1_340' title='bbox 999 3403 1152 3453; x_wconf 88' lang='lat' dir='ltr'><strong>recte</strong></span> <span class='ocrx_word' id='word_1_341' title='bbox 1190 3415 1207 3450; x_wconf 73' lang='grc' dir='ltr'><em>ε</em></span> <span class='ocrx_word' id='word_1_342' title='bbox 1251 3413 1439 3473; x_wconf 83' lang='lat' dir='ltr'><strong>neque</strong></span> <span class='ocrx_word' id='word_1_343' title='bbox 1471 3395 1625 3453; x_wconf 86' lang='lat' dir='ltr'><strong>enim</strong></span> <span class='ocrx_word' id='word_1_344' title='bbox 1648 3393 1960 3456; x_wconf 83' lang='lat' dir='ltr'><strong>Materialis</strong></span> <span class='ocrx_word' id='word_1_345' title='bbox 1980 3398 2075 3460; x_wconf 85' lang='lat' dir='ltr'><strong>illa</strong></span> <span class='ocrx_word' id='word_1_346' title='bbox 2094 3421 2242 3482; x_wconf 83' lang='lat' dir='ltr'><strong>aqua</strong></span> 
     </span>
     <span class='ocr_line' id='line_1_31' title="bbox 119 3497 2240 3584; baseline 0.002 -22"><span class='ocrx_word' id='word_1_347' title='bbox 119 3505 238 3562; x_wconf 81' lang='lat' dir='ltr'><strong>sive</strong></span> <span class='ocrx_word' id='word_1_348' title='bbox 261 3500 478 3574; x_wconf 84' lang='lat' dir='ltr'><strong>humor,</strong></span> <span class='ocrx_word' id='word_1_349' title='bbox 509 3520 646 3560; x_wconf 85' lang='lat' dir='ltr'><strong>vere</strong></span> <span class='ocrx_word' id='word_1_350' title='bbox 679 3500 1024 3560; x_wconf 83' lang='lat' dir='ltr'><strong>elementum</strong></span> <span class='ocrx_word' id='word_1_351' title='bbox 1063 3499 1238 3578; x_wconf 80' lang='lat' dir='ltr'><strong>Aquae</strong></span> <span class='ocrx_word' id='word_1_352' title='bbox 1271 3509 1358 3556; x_wconf 86' lang='lat' dir='ltr'><strong>est</strong></span> <span class='ocrx_word' id='word_1_353' title='bbox 1374 3541 1390 3570; x_wconf 93' lang='lat'>‚</span> <span class='ocrx_word' id='word_1_354' title='bbox 1425 3497 1527 3558; x_wconf 86' lang='lat' dir='ltr'><strong>sed</strong></span> <span class='ocrx_word' id='word_1_355' title='bbox 1559 3497 1763 3560; x_wconf 86' lang='lat' dir='ltr'><strong>faciem</strong></span> <span class='ocrx_word' id='word_1_356' title='bbox 1801 3501 2095 3564; x_wconf 79' lang='lat' dir='ltr'><strong>dumtaxat</strong></span> <span class='ocrx_word' id='word_1_357' title='bbox 2118 3507 2240 3584; x_wconf 80' lang='lat' dir='ltr'><strong>ejus</strong></span> 
     </span>
     <span class='ocr_line' id='line_1_32' title="bbox 125 3601 2236 3686; baseline 0.003 -20"><span class='ocrx_word' id='word_1_358' title='bbox 125 3607 310 3680; x_wconf 84' lang='lat' dir='ltr'><strong>habet,</strong></span> <span class='ocrx_word' id='word_1_359' title='bbox 342 3603 644 3666; x_wconf 81' lang='lat' dir='ltr'><strong>multifaria</strong></span> <span class='ocrx_word' id='word_1_360' title='bbox 675 3605 886 3685; x_wconf 84' lang='lat' dir='ltr'><strong>alioqui</strong></span> <span class='ocrx_word' id='word_1_361' title='bbox 925 3605 1221 3664; x_wconf 85' lang='lat' dir='ltr'><strong>mixtione.</strong></span> <span class='ocrx_word' id='word_1_362' title='bbox 1261 3601 1402 3663; x_wconf 79' lang='lat' dir='ltr'><strong>Hoec</strong></span> <span class='ocrx_word' id='word_1_363' title='bbox 1440 3603 1612 3686; x_wconf 85' lang='lat' dir='ltr'><strong>igitur</strong></span> <span class='ocrx_word' id='word_1_364' title='bbox 1642 3605 1702 3664; x_wconf 90' lang='lat' dir='ltr'><strong>in</strong></span> <span class='ocrx_word' id='word_1_365' title='bbox 1730 3605 1888 3667; x_wconf 87' lang='lat' dir='ltr'><strong>brevi</strong></span> <span class='ocrx_word' id='word_1_366' title='bbox 1920 3607 2236 3672; x_wconf 83' lang='lat' dir='ltr'><strong>Stoicorum</strong></span> 
     </span>
     <span class='ocr_line' id='line_1_33' title="bbox 125 3707 2235 3796; baseline 0.001 -23"><span class='ocrx_word' id='word_1_367' title='bbox 125 3713 385 3774; x_wconf 80' lang='lat' dir='ltr'><strong>sententia</strong></span> <span class='ocrx_word' id='word_1_368' title='bbox 401 3755 418 3784; x_wconf 93' lang='lat'>,</span> <span class='ocrx_word' id='word_1_369' title='bbox 451 3731 625 3792; x_wconf 85' lang='lat' dir='ltr'><strong>super</strong></span> <span class='ocrx_word' id='word_1_370' title='bbox 657 3731 848 3769; x_wconf 86' lang='lat' dir='ltr'><strong>rerum</strong></span> <span class='ocrx_word' id='word_1_371' title='bbox 885 3707 1118 3768; x_wconf 88' lang='lat' dir='ltr'><strong>conditu</strong></span> <span class='ocrx_word' id='word_1_372' title='bbox 1146 3731 1164 3766; x_wconf 72' lang='grc' dir='ltr'><strong><em>ε</em></strong></span> <span class='ocrx_word' id='word_1_373' title='bbox 1193 3729 1324 3768; x_wconf 87' lang='lat' dir='ltr'><strong>cum</strong></span> <span class='ocrx_word' id='word_1_374' title='bbox 1358 3731 1472 3790; x_wconf 82' lang='lat' dir='ltr'><strong>qua</strong></span> <span class='ocrx_word' id='word_1_375' title='bbox 1504 3710 1671 3770; x_wconf 81' lang='lat' dir='ltr'><strong>valde</strong></span> <span class='ocrx_word' id='word_1_376' title='bbox 1704 3711 2105 3796; x_wconf 86' lang='lat' dir='ltr'><strong>Trismegistus</strong></span> <span class='ocrx_word' id='word_1_377' title='bbox 2138 3717 2235 3776; x_wconf 90' lang='lat' dir='ltr'><strong>ille</strong></span> 
     </span>
     <span class='ocr_line' id='line_1_34' title="bbox 127 3809 2235 3900; baseline 0.001 -21"><span class='ocrx_word' id='word_1_378' title='bbox 127 3819 392 3880; x_wconf 87' lang='lat' dir='ltr'><strong>consensit</strong></span> <span class='ocrx_word' id='word_1_379' title='bbox 432 3841 449 3876; x_wconf 73' lang='lat' dir='ltr'>a</span> <span class='ocrx_word' id='word_1_380' title='bbox 493 3843 520 3871; x_wconf 75' lang='grc' dir='ltr'><strong>οι</strong></span> <span class='ocrx_word' id='word_1_381' title='bbox 547 3817 714 3878; x_wconf 82' lang='lat' dir='ltr'><strong>Ratio</strong></span> <span class='ocrx_word' id='word_1_382' title='bbox 747 3827 942 3874; x_wconf 86' lang='lat' dir='ltr'><strong>sancta</strong></span> <span class='ocrx_word' id='word_1_383' title='bbox 983 3811 1140 3896; x_wconf 86' lang='lat' dir='ltr'><strong>(sive</strong></span> <span class='ocrx_word' id='word_1_384' title='bbox 1181 3812 1477 3898; x_wconf 87' lang='lat' dir='ltr'><strong>Verbum)</strong></span> <span class='ocrx_word' id='word_1_385' title='bbox 1507 3817 1733 3878; x_wconf 65' lang='lat' dir='ltr'><strong>Natura</strong></span> <span class='ocrx_word' id='word_1_386' title='bbox 1774 3809 2104 3900; x_wconf 74' lang='lat' dir='ltr'><strong>supervenit</strong></span> <span class='ocrx_word' id='word_1_387' title='bbox 2124 3865 2141 3896; x_wconf 91' lang='lat'><strong>,</strong></span> <span class='ocrx_word' id='word_1_388' title='bbox 2176 3833 2235 3882; x_wconf 88' lang='lat' dir='ltr'><strong>et</strong></span> 
     </span>
     <span class='ocr_line' id='line_1_35' title="bbox 127 3921 2228 4010; baseline 0 -22"><span class='ocrx_word' id='word_1_389' title='bbox 127 3929 274 4010; x_wconf 80' lang='lat' dir='ltr'><strong>Ignis</strong></span> <span class='ocrx_word' id='word_1_390' title='bbox 299 3947 468 4008; x_wconf 87' lang='lat' dir='ltr'><strong>purus</strong></span> <span class='ocrx_word' id='word_1_391' title='bbox 493 3925 726 3986; x_wconf 85' lang='lat' dir='ltr'><strong>exsiluit</strong></span> <span class='ocrx_word' id='word_1_392' title='bbox 753 3945 828 3984; x_wconf 89' lang='lat' dir='ltr'><strong>ex</strong></span> <span class='ocrx_word' id='word_1_393' title='bbox 853 3921 1108 3987; x_wconf 79' lang='lat' dir='ltr'><strong>Humida</strong></span> <span class='ocrx_word' id='word_1_394' title='bbox 1143 3935 1345 3984; x_wconf 70' lang='lat' dir='ltr'><strong>nattira</strong></span> <span class='ocrx_word' id='word_1_395' title='bbox 1371 3925 1431 3982; x_wconf 90' lang='lat' dir='ltr'><strong>in</strong></span> <span class='ocrx_word' id='word_1_396' title='bbox 1464 3924 1636 3984; x_wconf 87' lang='lat' dir='ltr'><strong>altum</strong></span> <span class='ocrx_word' id='word_1_397' title='bbox 1656 3968 1673 3999; x_wconf 89' lang='lat'>,</span> <span class='ocrx_word' id='word_1_398' title='bbox 1694 3951 1721 3978; x_wconf 71' lang='lat' dir='ltr'>n</span> <span class='ocrx_word' id='word_1_399' title='bbox 1760 3927 1945 4006; x_wconf 85' lang='lat' dir='ltr'><strong>inquit</strong></span> <span class='ocrx_word' id='word_1_400' title='bbox 1964 3925 2121 4008; x_wconf 81' lang='lat' dir='ltr'><strong>(cap.</strong></span> <span class='ocrx_word' id='word_1_401' title='bbox 2153 3927 2228 4010; x_wconf 81' lang='grc' dir='ltr'><strong>ι).</strong></span> 
     </span>
     <span class='ocr_line' id='line_1_36' title="bbox 130 4030 2237 4119; baseline 0 -26"><span class='ocrx_word' id='word_1_402' title='bbox 130 4033 394 4116; x_wconf 75' lang='lat' dir='ltr'><strong>Additque</strong></span> <span class='ocrx_word' id='word_1_403' title='bbox 416 4045 546 4094; x_wconf 73' lang='lat' dir='ltr'><strong>mox</strong></span> <span class='ocrx_word' id='word_1_404' title='bbox 574 4057 590 4091; x_wconf 74' lang='grc' dir='ltr'><strong>ε</strong></span> <span class='ocrx_word' id='word_1_405' title='bbox 619 4059 646 4086; x_wconf 75' lang='grc' dir='ltr'>κ</span> <span class='ocrx_word' id='word_1_406' title='bbox 667 4030 1044 4093; x_wconf 83' lang='lat' dir='ltr'><strong>Movebantur</strong></span> <span class='ocrx_word' id='word_1_407' title='bbox 1067 4041 1254 4090; x_wconf 84' lang='lat' dir='ltr'><strong>autem</strong></span> <span class='ocrx_word' id='word_1_408' title='bbox 1269 4073 1286 4105; x_wconf 89' lang='lat'>‚</span> <span class='ocrx_word' id='word_1_409' title='bbox 1311 4053 1345 4090; x_wconf 86' lang='lat' dir='ltr'><strong>a</strong></span> <span class='ocrx_word' id='word_1_410' title='bbox 1369 4030 1609 4092; x_wconf 83' lang='lat' dir='ltr'><strong>Ratione</strong></span> <span class='ocrx_word' id='word_1_411' title='bbox 1626 4032 1863 4112; x_wconf 84' lang='lat' dir='ltr'><strong>spiritali</strong></span> <span class='ocrx_word' id='word_1_412' title='bbox 1879 4076 1898 4107; x_wconf 90' lang='lat'>,</span> <span class='ocrx_word' id='word_1_413' title='bbox 1922 4055 2047 4114; x_wconf 77' lang='lat' dir='ltr'><strong>quae</strong></span> <span class='ocrx_word' id='word_1_414' title='bbox 2065 4057 2237 4119; x_wconf 84' lang='lat' dir='ltr'><strong>super</strong></span> 
     </span>
    </p>
   </div>
  </div>
 </body>
</html>
