2667 4475
403 296 538 364 622
1139 287 1434 361 JUSTI
1480 288 1799 359 LIPSII

395 436 565 517 hujus
591 434 798 496 Mundi
819 477 837 508 ,
870 434 1172 513 absumens
1203 435 1262 493 in
1293 456 1355 494 se
1384 454 1613 493 omnem
1633 434 1941 491 essentiam
1962 475 1981 507 ,
2022 454 2411 515 rursumque
2442 456 2519 494 ex
2540 456 2583 493 ειε

393 562 694 626 generans.
729 568 758 594 n
793 538 1092 615 Quomodo
1126 552 1318 599 autem
1348 539 1501 598 idem
1531 538 1735 619 perdat
1752 582 1770 611 ‚
1822 550 1881 598 et
1904 540 2181 621 'generet
2198 585 2219 613 ,
2252 539 2583 599 videamus.

394 650 602 709 Omnia
629 649 747 728 jam
779 646 976 730 Ignis,
1007 658 1074 705 ut
1105 646 1226 706 dixi
1253 690 1269 721 ,
1304 644 1409 705 sed
1445 644 1707 704 turbidus
1730 689 1747 719 ,
1788 646 2041 704 materiae
2068 646 2317 704 mixtus
2346 691 2369 719 ,
2402 660 2465 704 et
2496 646 2583 703 sz-

393 756 654 815 culentus
694 778 710 811 =
745 766 938 813 tamen
982 753 1172 835 ignis;
1218 751 1464 832 ideoque
1510 752 1697 810 tenuis
1720 795 1737 824 ‚
1774 762 1833 809 et
1864 748 2255 825 diffunditur,
2304 764 2377 811 et
2416 764 2579 811 totum

391 861 501 921 hoc
529 860 736 921 Mundi
756 906 773 935 ‚
809 862 906 941 qui
941 858 1085 934 fuit,
1119 861 1369 941 spatium
1399 870 1671 940 occupat,
1716 860 1891 917 immo
1922 870 1979 917 et
2010 858 2219 919 Vacui
2249 874 2437 920 extra
2464 884 2577 919 eum

391 970 684 1051 regionem
728 966 947 1048 implet.
1003 966 1092 1025 Ita
1134 964 1306 1025 Stoici
1348 964 1583 1024 tradunt
1615 1009 1632 1038 ‚
1678 976 1737 1023 et
1771 963 1881 1023 hoc
1926 966 2105 1025 etiam
2154 968 2289 1026 fine
2318 968 2571 1029 Vae-um

393 1082 635 1159 ponunt.
669 1072 1002 1134 Plutarchus
1034 1054 1344 1132 clarissime
1373 1068 1499 1153 (De
1542 1072 1843 1130 Commun.
1880 1070 2063 1155 Not.)
2098 1096 2115 1132 ε
2156 1100 2192 1127 «ι
2232 1074 2461 1157 Ignem
2488 1096 2571 1133 se·-

395 1204 530 1241 men
555 1182 716 1241 aiunt
733 1178 942 1239 Mundi
969 1204 983 1250 ;
1017 1192 1074 1238 et
1091 1191 1221 1259 post
1240 1176 1622 1237 Exustionem
1647 1221 1663 1250 ‚
1690 1190 1910 1236 mutare
1938 1176 2250 1239 Mundum
2276 1202 2317 1240 e
2348 1204 2571 1263 corpore

394 1289 616 1347 minore
640 1332 656 1360 ,
691 1285 992 1345 habentem
1021 1286 1138 1365 jam
1168 1284 1406 1342 tumoris
1440 1295 1496 1342 et
1526 1282 1918 1363 amplitudinis
1946 1266 2210 1343 multum
2242 1330 2261 1361 ,
2303 1299 2375 1346 et
2406 1287 2567 1346 vacui

395 1395 686 1475 regionem
729 1392 1069 1451 immensam
1111 1403 1487 1470 occupantem
1515 1432 1531 1461 ‚
1576 1411 1699 1469 quae
1728 1388 1851 1469 ipsa
1885 1403 2133 1471 ang-usta
2186 1389 2351 1452 facta
2384 1396 2461 1451 sit
2484 1394 2567 1451 iun

387 1502 701 1580 'augmento
732 1521 748 1557 ε
781 1512 1123 1577 rursumque
1163 1518 1344 1577 quum
1388 1494 1637 1577 gignitur
1674 1493 1927 1577 Mundus
1948 1540 1965 1569 ,
2022 1498 2255 1557 sensim
2314 1500 2481 1558 abire
2520 1512 2565 1558 et

395 1604 603 1664 collabi
635 1603 1090 1686 magnitudinem
1111 1645 1128 1675 ‚
1185 1598 1467 1659 subeunte
1495 1600 1744 1672 scilicet,
1778 1622 1957 1681 quum
1988 1606 2309 1683 generatio
2340 1607 2561 1675 existit,

395 1724 452 1770 et
482 1710 851 1769 contrahente
882 1730 942 1768 se
975 1710 1035 1766 in
1066 1708 1310 1789 seipsam
1344 1694 1607 1765 Materie.
1647 1732 1675 1759 »ι
1714 1706 1915 1765 Vacuo
1944 1708 2125 1789 igitur
2168 1710 2301 1787 jam
2356 1712 2523 1793 pleno
2542 1756 2555 1774 ,

395 1818 469 1875 sit
497 1816 768 1898 paulatim
789 1812 1064 1895 (Ratione
1087 1812 1557 1894 administrante)
1584 1812 1915 1894 depuratio;
1951 1826 2009 1873 et
2033 1840 2063 1867 κ
2093 1819 2363 1878 vertitur
2390 1820 2553 1878 omis

394 1924 706 1983 substantia
727 1922 786 1980 in
813 1922 1019 1981 Aerem
1042 1965 1058 1994 ‚
1081 1921 1292 1982 deinde
1315 1922 1378 1981 in
1402 1922 1719 1981 Humorem
1746 1920 1865 2003 (ex
1884 1921 2115 1983 Laertio
2138 1939 2287 1986 ante
2306 1927 2479 1987 docui
2494 1926 2547 2007 ):

351 2039 358 2044 ’
395 2042 454 2089 et
479 2042 604 2088 tum
632 2026 931 2088 Elementa
957 2038 1014 2087 et
1041 2028 1296 2087 Mundus
1326 2030 1657 2111 gignuntur.
1696 2052 1723 2081 s>
1758 2027 1873 2087 Sed
1902 2029 1981 2087 ita
2016 2028 2078 2088 in
2110 2030 2357 2113 Aquam
2380 2034 2549 2092 omnia

397 2146 714 2208 vertuntur,
744 2146 812 2194 ut
851 2134 996 2193 scire
1032 2134 1242 2194 debeas
1272 2146 1567 2193 excretum
1601 2134 1761 2193 illum
1790 2134 2171 2214 purissimum
2206 2136 2423 2219 Ignem
2456 2160 2545 2197 su-

397 2265 623 2326 peresse
647 2289 663 2318 ‚
696 2245 801 2326 qui
841 2256 972 2326 agat
990 2286 1008 2316 ,
1044 2256 1268 2303 moveat
1290 2287 1307 2317 ‚
1344 2255 1401 2302 et
1432 2241 1735 2301 Materiam
1762 2264 1867 2322 per
1910 2263 1973 2301 se
2022 2243 2284 2306 inertem
2324 2249 2539 2305 animet.

397 2350 561 2410 Philo
579 2361 740 2410 notat
763 2395 780 2425 ‚
804 2349 1020 2410 Stoicos
1038 2348 1146 2408 hoc
1181 2361 1344 2408 caute
1367 2349 1657 2407 monuisse
1679 2393 1694 2420 ‚
1734 2375 1761 2400 κ
1789 2339 2105 2430 quod¹post
2134 2347 2537 2424 Exusfioum,

397 2479 577 2538 quum
605 2479 786 2517 novus
813 2456 1068 2517 Mundus
1098 2455 1266 2515 condi
1301 2454 1474 2515 debet
1492 2499 1508 2528 ‚
1555 2456 1739 2514 omnis
1780 2455 1927 2538 ignis
1956 2477 2077 2514 non
2110 2459 2493 2541 exstinguitur
2520 2483 2537 2514 ε

397 2565 502 2624 sed
521 2565 809 2646 aliquanta
829 2565 949 2643 ejus
964 2565 1148 2644 portio
1165 2575 1379 2622 manet.
1410 2588 1439 2614 »ι
1460 2563 1699 2622 Causam
1714 2561 1907 2622 subdit
1924 2585 1942 2620 t
1967 2589 1995 2615 «ι
2016 2561 2214 2623 Valde
2227 2567 2385 2626 enim
2396 2589 2539 2626 vere-

397 2671 626 2742 bantur,
651 2691 726 2729 ne
753 2672 908 2728 omni
942 2691 1009 2729 eo
1040 2671 1397 2728 interstincto
1423 2713 1439 2743 ,
1471 2683 1729 2730 maneret
1759 2671 2023 2730 materies
2052 2671 2255 2752 quieta
2276 2717 2294 2746 ,
2321 2675 2535 2756 ignava,

397 2778 596 2858 inepta
626 2776 872 2837 condere
892 2821 908 2850 ,
941 2799 1120 2858 quum
1153 2799 1322 2836 causa
1369 2787 1558 2834 motus
1594 2799 1709 2835 non
1744 2790 1912 2836 esset.
1954 2805 1983 2829 ιι
2019 2779 2187 2858 Aqua
2222 2781 2403 2861 igitur
2430 2796 2537 2862 post

399 2885 602 2968 Ignem
627 2929 642 2958 ,
677 2883 779 2944 sed
808 2906 923 2942 non
958 2885 1082 2943 sine
1115 2885 1337 2966 reliquo
1369 2885 1522 2965 igne.
1556 2883 1683 2942 Hoc
1714 2897 1833 2958 est,
1866 2884 2021 2964 quod
2048 2891 2417 2968 κατακλυσμόν
2434 2891 2535 2947 sive

395 2989 679 3051 Diluoium
729 2991 1006 3050 Firmicus
1055 3013 1258 3050 vocare
1291 2989 1539 3062 videtur,
1585 2991 1643 3048 in
1687 2989 1876 3050 verbis
1916 3014 2041 3072 quae
2075 2993 2186 3052 alio
2236 2997 2409 3054 etiam
2438 2997 2533 3053 {ine

397 3099 570 3179 supra
615 3098 768 3158 dedi.
803 3099 950 3157 Nam
982 3097 1171 3179 palam
1205 3099 1285 3157 ait
1333 3121 1351 3156 ε
1400 3125 1427 3152 ιι
1456 3095 1779 3179 Ecpyrosin
1824 3099 2216 3180 cataclysmus
2248 3106 2527 3184 sequitui-,2

400 3205 558 3264 nulla
592 3207 743 3264 enim
773 3225 837 3264 re
872 3205 982 3264 alia
1015 3217 1226 3264 exustae
1253 3226 1345 3263 res
1374 3217 1639 3286 poterant
1664 3207 1920 3280 renasci,
1952 3229 2059 3266 nec
2089 3207 2206 3266 ulla
2236 3231 2305 3268 re
2330 3211 2439 3270 alia
2464 3210 2527 3270 ad

397 3311 693 3392 pristinam
739 3312 944 3372 faciem
991 3311 1346 3393 formamque
1397 3314 1647 3371 revocari
1678 3357 1694 3386 ,
1752 3313 1865 3372 nisi
1898 3314 2281 3376 admixtiones
2304 3329 2321 3354 ¹
2376 3331 2524 3400 atque

399 3431 698 3478 concretus
722 3419 1042 3479 favillarum
1073 3419 1260 3500 pulvis
1290 3420 1547 3479 omnium
1578 3421 1913 3502 genitalium
1946 3423 2227 3482 seminum
2252 3425 2521 3485 collectam

399 3527 724 3605 conciperet
745 3526 1193 3588 foecunditatem.
1226 3553 1254 3580 »ι
1281 3527 1411 3585 Non
1434 3526 1591 3586 aliud
1611 3527 1907 3608 equidem,
1932 3529 2025 3588 vel
2050 3551 2081 3587 e
2101 3530 2325 3602 verbis,
2346 3533 2431 3590 vel
2456 3553 2515 3590 ex

404 3635 622 3695 ratione
640 3632 833 3693 addita
847 3635 1050 3716 colligo
1069 3677 1087 3707 ‚
1115 3656 1288 3715 quam
1307 3635 1738 3694 conversionem
1759 3635 1915 3695 illam
1934 3637 1992 3693 in
2018 3637 2263 3715 Aquam,
2289 3637 2514 3717 Catacly·

403 3763 587 3801 smum
617 3741 688 3800 ab
720 3761 788 3798 eo
822 3738 934 3798 dici
967 3764 983 3798 ε
1021 3753 1192 3821 atque
1222 3742 1302 3800 ita
1345 3740 1486 3800 dilui
1530 3741 1825 3822 pulverem
1848 3785 1867 3814 ‚
1893 3755 1955 3802 >et
1985 3743 2260 3802 mixtione
2285 3742 2507 3802 humoris

403 3847 664 3930 ignisque
691 3846 1028 3908 foecundari.
1074 3846 1217 3906 Satis
1248 3847 1320 3907 de
1364 3847 1534 3908 modo
1570 3873 1586 3907 ε
1616 3851 1851 3910 tertium
1881 3861 2139 3931 superest
2159 3893 2178 3923 ‚
2217 3847 2509 3931 Qmfim?

454 4072 490 4108 —¹
513 4071 688 4136 Legum
706 4109 721 4134 ,
746 4072 996 4122 admixtio
1021 4079 1172 4118 esset.
1193 4118 1205 4131 ,
