2667 4475
462 334 940 404 PHYSIOL.
991 338 1495 414 s‘rolcon.
1546 310 1741 414 121ssss
1790 350 1847 416 1.
2085 358 2219 448 529

75 480 274 539 mavia
301 479 570 539 subitum
591 478 810 560 aliquid
827 522 844 555 ,
869 492 970 540 aut
997 482 1353 563 inopinatum
1380 500 1415 545 a
1445 486 1637 571 Magia
1670 491 1973 552 intervenit
1994 494 2225 578 (neque

75 586 210 645 nim
243 583 570 668 negamus)
595 628 612 659 ,
638 597 832 646 nostro
861 598 1054 646 tamen
1085 609 1256 650 sensu
1281 591 1347 651 id
1372 593 1477 666 fit,
1507 594 1633 655 Deo
1656 597 1772 676 jam
1792 609 1927 660 ante
1950 602 2135 661 visum
2170 616 2228 663 et

75 691 296 751 eit-nn.
335 690 506 751 Talis
529 700 561 765 ,'
581 690 710 751 dico
733 734 752 765 ,
785 692 882 751 illa
913 692 1102 753 subita
1142 715 1312 757 cansa
1335 742 1355 772 ,
1385 699 1536 760 inter
1558 702 1779 763 medias
1812 717 1899 765 est
1921 749 1938 780 ,
1972 720 2031 767 et
2056 708 2232 789 adju-

75 796 228 857 rices
265 797 438 857 illius
467 797 613 857 Fati.
643 796 812 872 Quod
843 802 1034 859 autem
1061 798 1136 860 de
1167 800 1415 863 Publicis
1442 806 1525 864 ait
1544 850 1561 881 ,
1595 828 1711 867 non
1731 812 1939 871 mutari
1965 855 1983 885 ,
2006 813 2069 874 id
2094 836 2233 875 sane

78 924 270 963 erum
297 946 318 977 ‚
357 925 472 963 nec
497 904 678 986 magis
703 914 898 963 tamen
926 905 1190 967 minusve
1213 952 1232 981 ,
1264 929 1437 989 quam
1466 911 1691 973 Privata
1722 936 1741 971 ε
1772 916 1875 977 sed
1898 916 2005 978 hoc
2029 922 2237 1004 singu·-

75 1032 188 1071 are
222 1008 459 1071 habent
481 1046 500 1083 ,
549 1010 704 1093 quod
748 1011 997 1071 noluerit
1035 1013 1286 1075 minutos
1325 1016 1463 1076 istos
1509 1016 1723 1081 Genios
1773 1022 1868 1083 hic
1914 1025 2091 1088 inseri
2117 1074 2133 1104 ,
2178 1044 2237 1091 et

75 1130 246 1177 otum
277 1117 434 1178 illud
461 1118 711 1185 notabile
737 1130 796 1179 et
819 1119 1014 1179 nobile
1041 1122 1300 1203 regimen
1340 1124 1449 1185 sibi
1473 1169 1491 1199 ,
1524 1138 1623 1187 aut
1662 1128 1955 1194 altioribus
1985 1134 2185 1198 Geniis
2213 1181 2231 1211 ‚

75 1224 408 1284 usservavit.
437 1223 642 1307 Itaque
675 1225 888 1285 mirum
913 1228 1050 1285 satis
1073 1240 1160 1287 est
1179 1272 1196 1302 ‚
1219 1249 1449 1291 omnem
1470 1229 1769 1295 Genialem
1802 1238 2065 1301 collatam
2090 1264 2235 1324 ope·-

75 1352 186 1391 um
217 1330 378 1390 nihil
406 1331 470 1389 in
498 1330 726 1413 Regum
754 1332 992 1393 consilia
1027 1334 1123 1393 vel
1153 1356 1363 1395 arcana
1388 1380 1406 1410 ,
1440 1338 1585 1398 nihil
1616 1341 1677 1399 in
1708 1340 1977 1405 Judicum
2006 1347 2234 1409 decreta

75 1450 162 1497 tut
191 1450 408 1519 poenas
433 1460 452 1495 z
482 1436 636 1498 addo
660 1481 678 1511 ,
711 1456 916 1519 parum
945 1450 1046 1499 aut
1069 1441 1214 1500 nihil
1243 1443 1305 1501 in
1337 1459 1461 1503 rem
1490 1450 1873 1509 nummariam
1897 1495 1915 1525 ,
1956 1466 2056 1513 aut
2094 1430 2235 1515 the}-

75 1564 266 1603 sauros
294 1586 314 1616 ,
347 1564 540 1624 posse.
571 1542 708 1603 Vim
739 1544 966 1605 illorum
996 1558 1056 1605 et
1086 1546 1457 1607 subtilitatem
1491 1551 1541 1609 si
1569 1551 1731 1613 vides
1754 1591 1773 1628 ‚
1800 1555 1943 1635 quid
1966 1556 2189 1619 facilius
2211 1606 2229 1633 ‚

75 1671 246 1731 [fuam
267 1650 334 1709 in
360 1648 626 1709 cubicula
648 1648 978 1731 Principum
999 1651 1316 1731 irrumpere
1342 1695 1361 1725 ‚
1388 1654 1605 1716 litteras
1620 1658 1823 1719 tollere
1844 1704 1861 1735 ,
1886 1674 1987 1722 aut
2010 1684 2236 1746 suppo-

75 1778 210 1817 nere
233 1756 260 1815 ’.Ρ
289 1758 354 1815 in
388 1768 578 1815 arcam
607 1755 794 1814 meam
828 1768 928 1816 aut
955 1754 1144 1815 Crassi
1171 1758 1361 1837 potius
1390 1759 1629 1841 alicujus
1656 1778 1991 1845 penetrare,
2022 1782 2083 1829 et
2112 1771 2232 1829 vim

75 1864 328 1941 pecuniae
377 1860 604 1923 auferre
627 1904 644 1935 ,
681 1862 964 1921 clientulis
1003 1863 1122 1923 suis
1171 1863 1413 1946 larg-iri?
1460 1866 1590 1926 Non
1636 1884 1879 1950 possunt
1908 1896 1927 1931 ε
1974 1872 2234 1935 refrenat

75 1951 356 2051 benignus
380 2012 398 2042 ‚
451 1982 511 2029 et
537 1970 716 2027 nostri
761 1980 988 2027 curator
1016 1968 1176 2030 Deus
1205 1994 1222 2043 3
1252 1993 1330 2031 ne
1360 1972 1411 2033 si
1440 1972 1559 2033 hac
1591 1976 1727 2037 talia
1768 1976 1980 2039 faciant
1996 2024 2015 2054 ,
2048 1984 2231 2065 magis

78 2077 146 2137 ad
177 2097 242 2135 sc
269 2076 526 2136 alliciant
541 2116 560 2150 ‚
591 2087 650 2135 et
676 2076 738 2135 in
767 2074 1098 2137 barathrum
1133 2088 1328 2137 secum
1354 2080 1605 2141 tralumta
1639 2084 1827 2165 Atque
1856 2085 1966 2145 hoc
1995 2088 2069 2148 de
2090 2088 2229 2149 Ma·—

79 2182 170 2263 gia
207 2182 378 2265 igitur
399 2223 418 2254 ,
448 2202 524 2242 ex
561 2198 698 2242 vero
745 2180 794 2240 si
829 2182 990 2244 vides
1013 2226 1032 2257 ,
1081 2203 1196 2243 non
1233 2182 1442 2246 refellit
1484 2185 1687 2249 Fatum
1736 2212 1755 2247 t
1803 2191 1851 2248 si
1902 2212 1975 2252 ex
2012 2190 2228 2256 Lucani

84 2307 250 2350 sensu
272 2332 289 2363 ,
319 2287 518 2348 dubito
540 2331 560 2361 ,
593 2301 651 2348 et
675 2311 752 2348 ne
778 2289 874 2348 ille
899 2305 1128 2372 quoque
1155 2291 1399 2352 voluerit
1424 2290 1643 2374 (supra
1671 2294 1889 2356 dictum
1908 2295 1937 2376 )
1957 2319 2089 2358 cum
2111 2323 2225 2380 pa·-

85 2405 208 2455 truo
228 2416 330 2454 suo
350 2394 564 2477 negligi
583 2394 874 2456 interdum
895 2417 986 2455 res
1003 2437 1020 2468 ,
1045 2409 1146 2456 aut
1168 2397 1308 2456 Fata
1324 2397 1701 2476 Singulorum.
1728 2401 1925 2462 Altera
1951 2405 2181 2484 injectio
2202 2451 2219 2481 ‚

89 2499 154 2560 de
183 2500 444 2560 Precibus
462 2541 480 2574 ,
507 2512 566 2560 et
585 2500 774 2560 Deum
801 2498 956 2561 flecti
979 2523 1048 2560 ac
1065 2503 1294 2561 mutari.
1323 2503 1435 2562 Pro
1462 2503 1637 2586 vulgo
1661 2507 1797 2566 satis
1816 2506 1910 2568 hie
1935 2509 2217 2592 loqueris,

90 2619 142 2666 et
163 2607 330 2668 altius.
351 2609 436 2668 ire
461 2619 521 2666 te
547 2605 810 2668 volebam
829 2649 848 2682 ‚
881 2618 940 2666 et
967 2609 1184 2688 praeivi.
1214 2607 1409 2683 Quid?
1436 2611 1623 2670 Deum
1652 2624 1717 2672 tu
1757 2633 1955 2676 censes
1998 2629 2221 2681 mutare

91 2713 450 2774 sententiam?
480 2714 564 2773 ira
589 2725 690 2774 aut
721 2713 1084 2773 miseratione
1103 2757 1120 2790 ‚
1153 2713 1465 2776 humanum
1496 2718 1557 2777 in
1585 2739 1805 2781 morem
1822 2763 1843 2796 ‚
1872 2724 2069 2806 tangi?
2096 2725 2220 2787 Im..

92 2819 360 2882 mutabilis
385 2831 470 2880 est
501 2843 518 2879 ι
549 2831 610 2880 et
635 2818 806 2880 Sacra
832 2819 990 2900 quod
1015 2823 1095 2880 sic
1135 2821 1471 2902 loquuntur,
1517 2847 1623 2904 pro
1646 2839 1819 2907 captu
1846 2842 2042 2890 nostro
2082 2846 2169 2892 est
2192 2877 2211 2908 ‚

96 2939 144 2986 ct
166 2929 393 3010 figurato
433 2926 710 2987 duntaxat
749 2925 1002 3006 quodam
1027 2948 1312 2988 sermone.
1346 2930 1667 3013 Augustino
1715 2931 1825 2992 boc
1858 2935 2055 2996 credes
2080 2982 2097 3010 ,
2132 2941 2215 2999 sie

99 3034 344 3094 scribenti
361 3030 526 3114 (XIV
553 3032 643 3092 Dc
672 3031 843 3092 civit.
875 3052 1004 3112 cap.
1047 3054 1068 3092 1
1089 3031 1144 3114 1)
1175 3057 1192 3092 ε
1231 3059 1259 3086 α
1287 3035 1447 3094 Deus
1476 3037 1583 3096 etsi
1598 3036 1821 3100 ‚dicitur
1846 3053 2055 3104 statuta
2080 3066 2214 3106 mu·-

101 3148 208 3200 tare
233 3136 411 3221 (unde
436 3139 652 3219 tmpt‘ca
681 3136 970 3198 locutione
997 3138 1060 3196 in
1085 3137 1393 3220 scripturis
1432 3143 1641 3203 sanctis
1682 3145 1851 3206 etiam
1880 3151 2213 3228 poenituisse

103 3243 328 3330 legitur)
345 3245 504 3325 juxta
547 3243 608 3304 id
645 3243 876 3318 dicitur,
915 3243 1074 3326 quod
1115 3243 1286 3304 homo
1323 3263 1653 3328 speraverat
1674 3295 1691 3325 ‚
1738 3253 1831 3312 vel
1870 3259 2210 3322 naturalium

107 3352 232 3413 ordo
253 3373 533 3414 causarum
558 3350 812 3433 gestabat
843 3373 860 3410 ε
891 3371 1008 3410 non
1031 3352 1198 3430 juxta
1223 3351 1286 3412 id
1309 3395 1326 3426 ‚
1360 3355 1519 3434 quod
1542 3377 1607 3416 se
1632 3361 1993 3441 omnipotens
2018 3365 2211 3428 sactu..

111 3479 222 3520 rum
245 3479 356 3518 esse
378 3457 752 3539 praesciverat.
797 3482 825 3509 n
860 3454 1008 3518 Item
1033 3455 1170 3516 alibi
1195 3453 1413 3539 (XXII
1442 3461 1533 3520 De
1560 3461 1731 3522 Civit.
1779 3487 1801 3523 1
1828 3463 1855 3548 )
1896 3491 1915 3526 z
1951 3495 1981 3522 a
2019 3471 2209 3548 Quum

113 3561 248 3624 Deus
272 3575 476 3624 mutare
497 3561 706 3622 dicitur
725 3561 1074 3653 voluntatem
1091 3605 1108 3638 ,
1134 3573 1199 3622 ut
1219 3562 1429 3645 quibus
1457 3566 1605 3626 lenis
1625 3582 1749 3638 erat
1762 3613 1779 3644 ,
1806 3573 1967 3634 verbi
1988 3582 2169 3659 gratia
2190 3623 2207 3658 ,

117 3670 350 3733 reddatur
394 3670 601 3742 iratus,
633 3666 718 3726 illi
746 3668 936 3748 potius
961 3712 978 3743 ,
1011 3690 1183 3750 quam
1212 3671 1339 3751 ipse
1364 3715 1381 3746 ,
1428 3685 1719 3736 mutantur
1759 3699 1777 3734 ε
1810 3692 1870 3739 et
1906 3701 2037 3744 eum
2064 3709 2213 3767 quo—

120 3775 380 3838 dammodo
400 3786 678 3836 mutatum
695 3815 714 3848 ‚
743 3774 806 3835 in
832 3773 924 3833 his
940 3818 959 3847 ‚
989 3793 1114 3854 quae
1139 3777 1457 3856 patiuntur,
1490 3781 1811 3846 inveniunt.
1840 3786 1995 3849 Sicut
2021 3807 2214 3854 muta-

121 3892 200 3942 tur·
219 3882 305 3944 Sol
326 3882 492 3942 oculis
515 3880 778 3942 sauciatis
793 3921 812 3954 ,
837 3891 898 3938 ct
920 3899 1088 3960 asper
1123 3882 1545 3963 quodammodo
1572 3908 1649 3948 ex
1673 3892 1833 3966 miti,
1865 3907 1925 3954 et
1949 3917 2023 3956 ex
2052 3897 2217 3959 dele·-

127 3989 288 4050 cubili
309 3988 566 4050 molestus
591 3987 830 4048 efficitur
853 4029 872 4062 ‚
897 4006 1076 4068 quum
1097 3987 1221 4068 ipse
1243 3990 1399 4070 apud
1416 3993 1669 4073 seipsum
1694 4013 1923 4060 maneat
1942 4002 2095 4063 idem
2118 4008 2218 4088 qui

127 4091 232 4156 fuit.
260 4123 284 4150 n
310 4095 436 4156 Tale
471 4096 532 4154 in
560 4094 916 4174 Hieronymo
939 4137 960 4169 ‚
1001 4114 1182 4173 quum
1209 4093 1284 4153 ad
1321 4094 1468 4160 hanc
1496 4098 1877 4176 objectionem
1914 4113 2221 4190 respondet

411 4205 530 4275 ιν.
1831 4211 1920 4297 34
