2667 4475
785 300 1336 372 EPISTOLA
1382 264 1682 379 xctx.
2178 323 2301 417 157

139 456 348 518 nem3
387 431 500 499 cui
520 427 704 497 nihil
729 431 901 499 certi
928 432 1347 523 promittitur
1369 439 1420 520 ⁸,
1460 440 1665 529 quem
1692 440 1963 513 fortuna
1994 469 2134 516 non
2164 452 2306 518 uti-

141 558 286 638 qu‘e
325 544 649 640 perducit
683 543 772 613 ad
807 530 1266 635 senectutem3
1308 548 1497 620 unde
1542 555 1762 623 visum
1804 575 1906 629 est
1929 610 1950 643 ‚
1987 560 2293 633 dimittit.

139 664 490 731 Caeterum
513 660 916 755 frequenter
939 661 1027 731 de
1051 664 1170 732 illo
1199 663 1481 759 loquere
1498 719 1518 752 ,
1544 686 1614 738 et
1644 676 2039 745 memoriam
2068 679 2295 772 ²ejus,
2352 690 2407 721 ²¹

141 786 479 867 quantum
516 791 708 868 potes
727 826 748 863 ,
794 775 1107 862 celebra3
1146 800 1300 870 quae
1337 778 1428 847 ad
1479 797 1546 851 te
1591 787 1831 879 soepius
1864 807 2287 880 revertetur,

139 892 198 959 si
226 894 368 961 erit
399 893 550 961 sine
582 891 951 961 acerbitate
981 908 1294 963 ventura.
1325 898 1541 967 Nemo
1572 904 1757 970 enim
1780 903 2078 977 libenter
2106 912 2288 979 tristi

137 994 618 1092 mavei-satur,
655 1006 910 1076 nedum
943 1010 1262 1080 tristitiae.
1305 1015 1378 1083 Si
1411 1038 1585 1108 quos
1623 1042 1967 1091 sermones
2004 1026 2189 1117 ejus,
2239 1029 2295 1097 si

137 1138 318 1216 quos
351 1126 666 1217 quamvis
696 1124 968 1219 parvuli
991 1126 1183 1219 jocos
1218 1153 1372 1199 cum
1405 1133 1753 1227 voluptate
1784 1140 2139 1229 audieras,
2173 1168 2299 1212 sae-

135 1244 298 1333 pius
334 1256 576 1335 repete
613 1267 628 1308 :
662 1242 963 1335 potuisse
999 1243 1194 1335 illum
1227 1246 1516 1339 implere
1548 1274 1703 1345 spes
1737 1268 1886 1325 tuas
1910 1304 1929 1339 ,
1970 1282 2138 1349 quas
2170 1284 2297 1354 pa-

133 1376 334 1428 terna
393 1374 630 1428 mente
686 1384 1095 1454 conceperas
1125 1412 1146 1445 ,
1224 1364 1552 1436 audacter
1603 1370 1895 1441 affirma.
1960 1375 2295 1449 Oblivisci

133 1476 420 1568 quidem
463 1499 739 1544 suorum
765 1526 785 1558 ‚
829 1500 912 1544 ac
947 1480 1339 1549 memoriam
1380 1506 1533 1554 cum
1572 1488 1979 1587 corporibus
2007 1492 2289 1581 efferre3

129 1605 202 1656 et
261 1588 672 1657 effusissime
731 1588 898 1658 flere
923 1640 941 1672 ,
997 1593 1387 1663 meminisse
1443 1600 1835 1689 parcissime
1861 1629 1881 1689 3
1939 1604 2293 1675 inhumani

127 1704 346 1770 animi
373 1717 500 1770 ωε.
534 1702 648 1771 Sic
671 1725 866 1785 aves,
898 1704 999 1772 sic
1025 1704 1186 1775 ferae
1217 1730 1375 1776 suos
1409 1710 1707 1805 diligunt
1748 1714 1979 1803 foetus3
2005 1742 2295 1809 quarum
2344 1726 2405 1758 ²²

128 1818 519 1887 concitatus
556 1832 660 1885 est
691 1840 880 1887 amor
904 1869 928 1906 ,
985 1834 1055 1887 et
1092 1844 1288 1913 paene
1321 1825 1601 1897 rabidus
1622 1878 1643 1911 ,
1683 1829 1806 1899 sed
1840 1850 1995 1902 cum
2028 1838 2293 1906 amissis

127 1950 312 2031 totus
338 1933 820 2027 exstinguitur.
847 1938 993 2003 Hoc
1025 1938 1434 2030 prudentem
1458 1946 1681 2015 virum
1710 1971 1851 2016 non
1878 1948 2075 2019 decet
2100 1980 2118 2021 ε
2142 1977 2287 2021 me-

125 2048 412 2116 minisse
447 2039 908 2139 perseveret³,
949 2049 1191 2144 lugere
1217 2052 1507 2125 desinat.

231 2192 266 2228 π
291 2162 481 2232 Illud
505 2164 693 2232 nullo
719 2165 918 2233 modo
946 2166 1160 2260 probo
1178 2218 1198 2252 ‚
1230 2170 1417 2263 quod
1444 2174 1541 2242 ait
1563 2174 1999 2248 Metrodorus
2016 2230 2035 2265 ,
2078 2208 2113 2246 α
2138 2206 2284 2253 esse

129 2311 164 2348 n
197 2283 503 2375 aliquam
539 2298 894 2376 cognatam
927 2286 1220 2354 tristitiae
1248 2288 1700 2382 voluptatem3
1740 2295 1921 2363 hanc
1947 2321 2094 2367 esse
2129 2325 2283 2396 cap-

127 2427 164 2464 »
201 2393 526 2468 tandam⁴
555 2401 630 2467 in
661 2400 990 2492 ejusmodi
1029 2417 1357 2496 tempore.
1399 2431 1433 2468 »
1475 2408 1632 2500 Ipsa
1664 2409 2041 2480 Metrodori
2069 2415 2279 2485 verba

119 2517 528 2612 subscripsi.
579 2513 1030 2614 Μητροδώρου
1079 2498 1475 2593 ἐπιστολῶν
1525 2519 1692 2620 πρὸς
1730 2525 1849 2606 τὴν
1896 2524 2169 2626 ἀδελφὴν
2208 2534 2273 2605 ά.

121 2734 381 2790 Sebefl'eri
401 2733 551 2789 codd.
573 2737 729 2800 (teste
743 2735 960 2788 Heinsio
973 2734 1028 2788 in
1049 2736 1154 2788 Ad·
1255 2737 1465 2792 Consol.
1481 2742 1545 2795 ad
1559 2741 1931 2815 Appollonium
1948 2762 1963 2797 ε
1982 2767 2009 2794 κ
2031 2747 2279 2802 Commo-

120 2812 358 2867 versariis
375 2835 426 2887 p.
444 2813 538 2882 457
558 2819 758 2882 )quam
780 2814 939 2865 multi
953 2815 1152 2866 vitalia
1251 2817 1375 2870 dum
1394 2817 1611 2888 aliquod
1628 2834 1701 2874 est
1720 2821 1989 2892 defunctis,
2004 2827 2150 2900 sipia
2172 2847 2275 2880 me-

116 2903 302 2946 emunt
317 2903 606 2962 prestantes
621 2891 758 2944 haud
771 2890 991 2943 multum
1009 2891 1152 2944 ablu-
1247 2895 1415 2948 moria
1442 2915 1527 2948 eos
1552 2897 1794 2953 colamus.
1829 2901 1997 2954 Nemo
2020 2904 2158 2956 enim
2176 2904 2273 2958 bo-

120 2970 272 3021 dunt.
303 2967 488 3020 Rublc.
501 2995 570 3008 -
589 2967 938 3042 Rnhkopfium
973 2968 1153 3043 probat
1245 2991 1343 3025 nus
1364 2975 1559 3046 gemitu
1573 2975 1760 3048 dignus
1775 2992 1877 3044 est,
1893 2980 1981 3033 sed
1998 2980 2203 3055 hymnis
2226 2996 2274 3035 et

119 3047 298 3100 Schw.
335 3047 669 3121 aspirantibus
710 3047 827 3100 edd.
865 3059 980 3100 ante
1008 3048 1149 3104 Mur.
1242 3049 1475 3104 laudibus
1492 3073 1507 3114 ς
1546 3073 1712 3124 neque
1742 3056 1880 3110 luctu
1905 3097 1920 3124 ,
1964 3061 2053 3114 sed
2089 3081 2272 3115 recor-

118 3139 170 3178 et
192 3147 290 3179 ms.
319 3146 374 3178 a.
408 3139 456 3178 et
477 3127 588 3178 Pal.
627 3145 649 3177 1
667 3163 684 3188 ,
709 3126 741 3178 3
756 3161 773 3190 ,
802 3127 849 3193 4.
865 3153 934 3166 -
961 3123 1148 3196 Quam
1245 3128 1453 3183 datione
1473 3129 1737 3186 laudabili.
1758 3155 1786 3180 a·
1810 3133 2005 3208 Lipsius
2032 3157 2059 3189 e
2086 3139 2267 3194 Graeco

117 3205 309 3256 multis
335 3206 533 3257 vitalia
553 3212 812 3268 emuntur,
829 3202 867 3257 i.
889 3223 931 3254 e.
951 3215 1090 3256 torus
1104 3224 1145 3257 s.
1243 3205 1412 3259 vertit.

115 3281 280 3335 lectus
301 3281 474 3334 feralis
495 3293 545 3333 et
567 3280 801 3333 funebria
816 3319 832 3348 ‚
858 3281 1042 3351 quibus
1062 3303 1146 3335 ca-
1312 3285 1361 3338 3.
1387 3286 1698 3343 Meminisse
1728 3303 2027 3360 perseveret.
2065 3293 2267 3350 Tacitus

116 3359 310 3410 davera
352 3359 644 3411 efferantur.
699 3358 904 3412 Vae'tale'a
955 3358 1144 3413 rariore
1241 3362 1445 3417 simile:
1472 3386 1499 3412 «ε
1524 3367 1757 3422 Feminis
1787 3370 1961 3444 lugere
1992 3373 2265 3428 honestum

115 3439 219 3492 hoe
237 3437 530 3510 significatu
545 3438 762 3491 occurrit
776 3437 928 3490 etiam
949 3459 1030 3512 ap.
1049 3440 1148 3492 Pe·
1245 3455 1319 3496 est
1332 3480 1350 3509 ‚
1365 3443 1495 3496 viris
1516 3447 1817 3502 meminisse.
1836 3472 1865 3497 κ

115 3531 250 3570 που.
272 3537 318 3570 c.
333 3535 396 3586 77
412 3516 504 3569 ubi
522 3515 675 3584 verba
691 3527 810 3568 sunt
832 3535 845 3567 τ
871 3537 898 3564 κ
915 3517 1146 3584 Interim,
1309 3523 1359 3590 4.
1375 3521 1540 3574 Hanc
1560 3543 1672 3578 esse
1690 3530 2029 3596 captandam.
2043 3532 2129 3585 Sic
2144 3534 2266 3586 scri·

113 3595 320 3659 Stiebe,
337 3596 507 3668 profer
519 3593 724 3658 vitalia,
747 3592 803 3645 in
829 3593 1014 3665 quibus
1029 3595 1147 3648 volo
1243 3601 1320 3672 psi
1357 3623 1473 3655 cum
1508 3604 1621 3656 Pal.
1659 3626 1681 3658 1
1703 3642 1719 3670 ,
1748 3607 1779 3658 3
1796 3647 1809 3670 ‚
1839 3608 1871 3672 4
1888 3648 1901 3674 ,
1941 3621 1999 3661 ut
2034 3613 2265 3665 voluerat

115 3691 198 3723 me
221 3669 418 3724 efferri.
433 3691 462 3716 ιι
483 3669 638 3724 Pane
663 3670 801 3722 idem
821 3671 994 3723 valent
1015 3691 1150 3744 prae-
1247 3677 1396 3732 Pine.
1422 3683 1523 3735 Pro
1544 3701 1656 3734 esse
1675 3701 1935 3756 perperam
1955 3689 2067 3753 ipse
2077 3687 2267 3741 habent

113 3751 552 3820 cedentiazquam
571 3753 756 3803 multis
775 3770 938 3820 quum
953 3753 1142 3805 maxi·
1238 3775 1293 3806 a.
1315 3775 1358 3809 c.
1377 3755 1449 3808 R.
1472 3759 1545 3810 A.
1570 3760 1709 3829 quod
1754 3761 1811 3813 in
1842 3765 2019 3829 ipsam
2054 3765 2265 3817 mutavit

113 3849 199 3888 me
203 3830 386 3900 sunus
409 3835 626 3884 beatur.
1243 3833 1327 3884 Er.
1359 3831 1525 3888 Schw.

185 3928 230 3960 ι.
245 3908 602 3976 promittitur,
617 3925 670 3958 a.
685 3926 728 3959 c.
740 3905 811 3958 R.
827 3907 898 3960 A.
913 3925 1018 3958 non
1028 3925 1145 3976 pro·
1309 3912 1355 3962 5.
1370 3913 1931 3986 Μητροδόρου...καιρὸν.
1952 3917 2129 3970 Graeca
2146 3937 2264 3968 ver-

111 3992 380 4040 mittatur.
403 3985 568 4040 Schw.
1241 3989 1304 4041 ba
1327 4007 1526 4061 prorsus
1550 3991 1730 4044 desunt
1756 3993 1903 4046 editis
1925 4006 2041 4044 ante
2062 3993 2263 4055 Grono-

179 4087 228 4118 2.
255 4065 334 4118 Et
355 4071 668 4121 memoriam
693 4073 822 4132 eius.
844 4067 1144 4134 Plutarchus
1242 4068 1420 4132 vium,
1464 4069 1645 4122 desunt
1686 4071 1837 4124 etiam
1884 4083 2054 4124 nostro
2092 4093 2183 4124 ms.
2220 4093 2261 4126 e.
