2667 4475
453 356 965 429 PHYSIOL.
1019 356 1546 429 STOICOR.
1596 356 1795 430 LIB.
1845 358 2000 427 ΙΙΙ.
2140 354 2275 427 665

123 516 268 565 tone
295 528 312 575 ς
343 514 444 563 aut
485 502 638 563 circa
681 500 904 561 Lunam
930 543 949 574 ,
981 520 1114 561 eum
1143 498 1607 583 Endymionibus
1650 502 1988 563 Stoicorum.
2038 525 2067 553 v·
2102 499 2285 561 Ridet

123 613 314 682 δάιος
357 608 462 671 sed
503 610 676 671 etiam
722 608 922 670 Cicero
966 606 1116 669 hane
1175 610 1516 671 sententiam
1560 611 1841 691 expressit
1861 653 1878 683 ‚
1926 619 1991 668 ut
2036 606 2283 667 Stoicam

124 718 207 800 (Ι
233 714 507 799 Tuscnl.)
539 740 558 775 a
594 743 624 771 α
649 716 894 776 Necesse
939 727 1028 777 est
1067 716 1311 777 Animus
1335 760 1355 791 ,
1390 739 1507 799 quo
1556 718 1701 793 nihil
1748 729 1835 777 est
1875 716 2127 777 velocius
2150 758 2169 789 ,
2204 716 2285 777 ita

125 826 375 900 feratur,
408 837 477 883 ut
512 835 778 906 penetret
817 836 876 883 et
906 821 1126 884 dividat
1163 844 1336 885 omne
1375 824 1573 887 caelum
1614 824 1721 885 hoc
1740 868 1759 899 ‚
1795 825 1857 885 in
1906 844 2023 905 quo
2048 822 2233 883 nubes
2264 863 2284 895 ‚

127 932 352 991 imbres
374 930 647 1012 ventique
677 940 992 1011 eoguntur;
1015 951 1192 1010 quam
1211 932 1507 1013 regionem
1529 952 1709 1012 quum
1734 931 2023 1012 superavit
2044 930 2287 989 Animus

133 1051 522 1118 naturamque
561 1038 654 1097 sui
689 1036 935 1096 similem
977 1036 1214 1119 contigit
1235 1080 1254 1111 ,
1303 1048 1363 1097 et
1394 1038 1627 1119 agnovit
1656 1060 1675 1095 ε
1707 1038 1939 1117 junctus
1978 1058 2053 1097 ex
2097 1037 2288 1097 anima

127 1145 300 1205 tenui
319 1188 338 1219 ,
385 1155 445 1203 et
482 1164 558 1205 ex
605 1142 810 1205 ardore
850 1142 998 1203 Solis
1041 1154 1361 1225 temperato
1388 1187 1407 1217 ,
1427 1144 1679 1225 ignibus
1724 1142 1936 1203 insistit
1960 1185 1979 1217 ,
2016 1154 2079 1203 et
2116 1142 2291 1203 finem

130 1253 310 1315 altius
349 1251 626 1313 efferendi
669 1272 732 1311 se
773 1251 930 1312 facit.
969 1251 1160 1327 Quum
1205 1252 1365 1313 enim
1402 1252 1491 1311 sui
1522 1251 1769 1311 similem
1800 1264 1857 1312 et
1900 1251 2189 1313 levitatem
2236 1261 2295 1309 et

130 1361 390 1421 calorem
436 1358 678 1441 adeptus
730 1370 819 1420 est
839 1402 858 1433 ,
887 1370 1163 1439 tanquam
1215 1358 1451 1441 paribus
1494 1359 1851 1419 examinatus
1896 1356 2247 1439 ponderibus
2272 1398 2291 1429 ,

129 1467 358 1529 nullam
387 1469 449 1527 in
475 1478 699 1547 partem
725 1479 988 1527 movetur
1013 1488 1030 1525 ε
1070 1487 1255 1547 eaque
1290 1468 1347 1526 ei
1386 1466 1622 1527 demum
1646 1465 1923 1529 naturalis
1952 1477 2037 1525 est
2082 1462 2251 1523 sedes
2270 1504 2289 1537 ,

131 1596 324 1655 quum
355 1574 432 1635 ad
473 1575 564 1633 sui
597 1574 784 1635 simile
821 1575 1146 1655 penetravit
1171 1597 1188 1645 3
1222 1576 1283 1635 in
1313 1595 1432 1655 quo
1464 1572 1625 1635 nulla
1664 1595 1730 1635 re
1760 1594 1939 1657 egens
1962 1614 1981 1647 ,
2018 1572 2203 1633 aletur
2238 1584 2297 1631 et

133 1681 552 1741 sustentabitur
573 1678 780 1739 iisdem
800 1679 970 1739 rebus
985 1723 1004 1754 ,
1038 1680 1247 1761 quibus
1277 1694 1428 1740 astra
1456 1692 1845 1743 sustentantur
1882 1691 1943 1739 et
1985 1678 2237 1739 aluntur.
2262 1703 2291 1731 ιο

139 1787 340 1847 Palam
387 1786 529 1848 dicit
545 1831 562 1862 ,
616 1788 910 1869 regionem
947 1786 1236 1849 turbidam
1289 1787 1455 1849 Aeris
1504 1808 1803 1874 permeare
1830 1828 1849 1861 ,
1901 1787 1963 1845 in
2004 1786 2297 1867 superiore

137 1895 344 1955 sistere
369 1939 390 1970 ,
433 1916 616 1977 quum
641 1906 856 1955 namrae
883 1894 1056 1955 simili
1079 1938 1098 1969 ,
1131 1892 1192 1955 id
1221 1907 1308 1955 est
1329 1893 1553 1957 AEtheri
1570 1894 1599 1978 (
1618 1895 1780 1974 cujus
1798 1915 1833 1954 a
1850 1891 2015 1953 Luna
2033 1889 2303 1973 initium)

139 2004 600 2085 appropinquat,
633 2014 734 2063 aut
759 2012 849 2061 est
871 2001 1107 2093 mixtus.
1144 1999 1413 2063 Lucanus
1438 2003 1653 2085 pariter
1676 1999 1820 2084 (lib.
1853 1998 1982 2081 IX)
2014 2024 2033 2059 ε

471 2130 716 2200 Quodque
737 2136 875 2200 patet
895 2136 1046 2182 terras
1067 2131 1214 2195 inter,
1242 2132 1451 2202 caelique
1474 2139 1663 2183 meatus
1684 2168 1703 2193 ‚

477 2220 698 2274 semidei
719 2239 886 2274 manes
906 2221 1134 2276 habitant
1158 2242 1172 2274 ε
1197 2241 1324 2292 quos
1344 2224 1489 2292 ignea
1508 2224 1676 2276 Virtus

479 2315 724 2366 Innocuos
744 2315 846 2364 vita
858 2349 875 2376 ,
899 2314 1138 2382 patientes
1157 2313 1369 2364 AEtheris
1394 2314 1483 2364 imi

481 2404 618 2454 Fecit
637 2440 655 2466 ,
680 2409 732 2456 et
751 2409 954 2456 atei-nos
973 2404 1203 2455 Animam
1223 2405 1426 2472 collegit
1446 2405 1499 2456 in
1523 2405 1679 2456 orbes.
2256 2477 2265 2484 .

144 2529 222 2590 In
278 2521 514 2587 AEthere
563 2528 680 2587 imo
725 2529 890 2608 ponit
910 2571 929 2602 ,
974 2529 1128 2588 eirea
1167 2526 1393 2590 Lunam
1446 2551 1465 2586 ε
1514 2549 1623 2588 nee
1662 2547 1865 2588 omnes
1888 2570 1907 2602 ,
1954 2528 2061 2590 sed
2097 2531 2305 2592 virtute

144 2643 501 2716 praestantes.
539 2629 759 2692 Plinius
785 2631 860 2692 ab
887 2632 998 2694 bae
1023 2611 1217 2694 mente
1245 2633 1355 2716 (In
1388 2632 1632 2717 Paneg.)
1663 2659 1681 2694 ε
1722 2660 1749 2688 «ι
1784 2633 1989 2706 Sedet
2010 2648 2106 2711 tu,
2145 2649 2309 2718 pater

147 2738 402 2819 Trajane
415 2782 434 2812 ,
457 2740 642 2800 sinon
663 2739 854 2800 sidera
877 2783 896 2814 ,
919 2740 1243 2821 proximam
1259 2753 1453 2800 tamen
1476 2741 1760 2802 sideribus
1778 2742 2003 2806 obtines
2028 2741 2247 2807 sedem.
2274 2767 2303 2796 »ι

149 2843 424 2906 Adulatio
454 2843 749 2928 Principes
772 2847 928 2928 ipsos
949 2891 968 2922 ,
1002 2843 1108 2906 sed
1144 2860 1503 2908 consecratos
1519 2891 1537 2921 ,
1570 2849 1854 2930 superiori
1876 2849 2010 2908 caelo
2034 2893 2053 2924 ,
2082 2862 2143 2910 et
2162 2850 2323 2911 inter-

150 2951 311 3012 Deos
335 2995 354 3025 ‚
383 2953 675 3013 asserebat
704 2976 723 3012 ε
755 2966 816 3014 at
840 2965 906 3014 tu
921 2995 940 3027 ,
968 2954 1190 3036 inquit,
1217 2951 1501 3036 Principis
1528 2955 1705 3016 nostri
1734 2966 1898 3036 pater
1918 2955 2071 3014 inter
2087 2954 2309 3022 Heroas

153 3059 278 3140 agis
307 3071 365 3119 et
388 3058 721 3141 Sapientum
749 3061 970 3120 animas
993 3103 1012 3133 ,
1046 3061 1214 3140 juxta
1241 3058 1433 3122 sidera
1458 3104 1476 3136 ,
1510 3073 1569 3122 et
1600 3063 1662 3122 in
1688 3082 1822 3122 aere
1852 3059 1953 3122 illo
1990 3083 2259 3143 supremo
2287 3085 2307 3124 ε

153 3177 260 3226 aut
297 3177 356 3226 et
396 3167 524 3248 ipso
557 3165 790 3228 AEthere
813 3211 830 3242 ,
863 3165 970 3226 sed
995 3167 1132 3228 imo.
1159 3167 1252 3228 Ab
1275 3167 1385 3228 hae
1428 3179 1623 3228 mente
1649 3167 1885 3260 fortasse
1910 3209 1929 3242 ‚
1958 3167 2117 3250 quod
2138 3167 2312 3230 Lunae

155 3273 400 3355 populos
435 3294 570 3334 suos
595 3274 832 3356 quidam
872 3275 1046 3336 etiam
1073 3296 1108 3335 e
1132 3273 1334 3336 Stoicis
1368 3275 1585 3336 dabant
1611 3299 1630 3334 ε
1666 3275 1739 3336 de
1771 3297 1888 3357 quo
1914 3287 2049 3336 ante
2074 3278 2315 3338 memini

156 3377 374 3440 dixisse
405 3377 551 3462 (lib.
598 3379 662 3440 II
687 3424 704 3456 ,
760 3403 934 3463 supra
977 3379 1132 3442 Diss.
1183 3379 1326 3466 ιιι).
1374 3381 1493 3444 Sed
1536 3382 1773 3444 observa
1799 3425 1817 3456 ,
1864 3382 1939 3443 de
1978 3382 2311 3466 sapientum

158 3487 386 3548 Animis
421 3485 685 3554 haeedici
719 3501 942 3552 tantum
983 3513 1000 3548 ε
1039 3488 1113 3550 de
1148 3489 1455 3550 stultorum
1494 3502 1555 3550 et
1585 3490 1819 3552 rudium
1842 3533 1861 3565 ,
1886 3491 1999 3552 alia
2030 3493 2311 3554 sententia

159 3606 248 3654 est
261 3635 278 3667 ,
318 3615 492 3676 quam
524 3593 876 3656 Tertulliano
903 3597 1042 3658 item
1068 3596 1309 3658 ferimus
1333 3609 1655 3680 acceptam.
1692 3598 1840 3660 Nam
1868 3621 2049 3682 quum
2072 3601 2135 3662 in
2162 3602 2313 3681 prio·

159 3701 319 3762 ribus
345 3701 535 3762 verbis
569 3700 842 3762 edidisset
863 3746 880 3778 ,
915 3703 1208 3784 Sapientes
1239 3702 1487 3766 Amas
1512 3704 1589 3765 ad
1616 3703 1839 3770 Lunam
1868 3707 2035 3768 evehi
2056 3748 2074 3779 ,
2102 3705 2265 3767 addit
2286 3731 2307 3774 ε

165 3837 194 3862 κ
225 3807 382 3882 Quos
420 3810 656 3891 quidem
697 3809 992 3893 (Stoicos)
1023 3814 1220 3886 miror,
1256 3812 1413 3896 quod
1451 3813 1842 3894 imprudentes
1885 3817 2120 3876 Animas
2158 3815 2313 3876 eirea

161 3929 374 3992 terram
393 3929 754 3997 prosternant
773 3961 790 3992 ,
822 3939 998 3998 quum
1022 3918 1146 3978 illas
1168 3941 1204 3978 a
1221 3917 1591 4002 sapientibus
1614 3965 1631 3994 ,
1662 3922 1843 3981 multo
1882 3919 2269 4002 superioribus
2288 3965 2306 3994 ,

163 4021 380 4083 erudiri
414 4026 711 4086 affirment.
753 4053 782 4078 »ι
828 4024 1052 4108 Dogma
1105 4027 1297 4108 igitur.
1348 4027 1682 4110 Sapientum
1728 4027 1949 4100 attolli,
1988 4027 2308 4110 vulgarium
2400 4073 2408 4087 .

161 4132 378 4190 versari
417 4144 472 4192 et
520 4133 672 4194 volvi
713 4135 864 4194 circa
891 4145 1098 4196 terram
1124 4156 1141 4205 ;
1176 4132 1360 4194 donec
1401 4136 1473 4196 ab
1502 4135 1613 4196 illis
1655 4135 2019 4209 sapientibus
2049 4135 2259 4198 edoctae
2288 4179 2307 4210 ,
