2667 4475
498 268 988 341 PHYSIOL.
1039 270 1551 343 STOICOR.
1600 272 1793 343 LIB.
1841 272 1998 341 111.
2180 272 2321 366 649

137 412 400 493 concipi
433 412 702 479 Animum
724 456 742 487 ‚
779 432 886 473 nec
914 434 1048 473 cum
1079 415 1272 475 camis
1298 414 1629 499 figulntione
1659 416 1949 498 compingi
1981 424 2152 497 utque
2176 432 2325 494 pro-

139 517 348 593 duci,
381 518 484 581 sed
517 531 577 579 et
617 520 796 579 effuso
829 520 948 600 jam
979 530 1152 601 partu
1199 520 1459 584 nondum
1504 523 1637 584 vivo
1678 505 1883 581 infanti
1900 561 1923 595 ,
1968 520 2325 581 extrinsecus

141 625 442 705 imprimi.
483 625 761 697 Ceterum
793 646 990 688 semen
1023 646 1098 687 ex
1127 626 1437 688 concubitu
1454 670 1472 702 ,
1502 626 1879 689 muliebribus
1904 626 2045 685 locis
2076 644 2324 706 seques-

139 742 380 791 tratum
407 772 425 805 ,
455 732 958 814 compinguescere
983 734 1044 796 in
1071 732 1252 797 solam
1278 734 1655 797 substantiam
1688 734 1877 795 earnis
1900 756 1917 791 ε
1950 754 2079 793 enm
2110 731 2325 793 editam

143 849 214 899 et
247 837 330 897 de
357 838 506 899 uteri
539 836 772 905 fornace
800 836 1117 899 fumantem
1143 882 1164 916 ,
1197 852 1256 901 et
1293 841 1483 901 calore
1512 840 1757 901 solutam
1780 883 1799 916 ,
1828 851 1897 901 ut
1922 837 2139 904 ferrum
2165 839 2328 921 igni-

141 955 328 1037 tum,
359 954 420 1003 et
462 941 680 1003 ibidem
729 942 946 1027 frigidm
991 945 1324 1007 immermm
1347 989 1366 1020 ‚
1397 946 1479 1005 ita
1508 946 1657 1007 aeris
1687 947 1877 1027 rigore
1904 965 2237 1027 percussam
2268 954 2329 1004 et

142 1051 282 1109 vim
311 1049 621 1119 animalem
647 1070 850 1131 rapere
870 1094 889 1125 ‚
923 1062 984 1111 et
1007 1052 1262 1113 vocalem
1289 1072 1497 1113 sonum
1526 1050 1797 1112 reddere.
1829 1042 1959 1111 Hoc
1986 1050 2150 1111 stoici
2191 1070 2325 1109 cum
2458 1050 2469 1063 “

143 1150 534 1224 AEnesidemo
556 1196 575 1227 ,
597 1154 806 1235 etipse
831 1154 1122 1217 interdum
1145 1153 1328 1215 Plato.
1355 1180 1385 1207 υ
1415 1153 1609 1215 Potest
1638 1152 1846 1213 elarius
1874 1152 2025 1215 edici
2044 1152 2120 1213 de
2138 1151 2327 1213 Stoico

145 1260 382 1321 sensu?
427 1261 498 1327 In
546 1261 727 1322 Utero
775 1262 864 1331 nil
900 1262 1019 1322 πίει·
1037 1282 1266 1323 carnem
1299 1260 1593 1343 compingi
1614 1302 1632 1334 ,
1665 1261 1933 1319 Animam
1978 1261 2325 1321 extr-:mecm
2420 1318 2427 1325 .

147 1368 426 1448 imprimi
441 1414 458 1440 2
504 1367 682 1451 idque
723 1365 911 1452 effiaso
947 1367 1085 1449 jam
1115 1378 1290 1449 parm
1315 1391 1339 1429 .-
1368 1379 1427 1433 et
1453 1379 1693 1442 catera,
1726 1367 1965 1430 minime
1998 1366 2176 1427 dubia
2226 1376 2325 1426 aut

150 1474 442 1554 implexa.
479 1474 635 1550 Quid
661 1472 992 1543 Lactantius
1013 1518 1032 1550 ,
1062 1475 1200 1547 sutis
1227 1474 1473 1559 diligens
1500 1472 1742 1537 talium?
1782 1471 1911 1533 Lib.
1942 1471 2076 1548 111,
2098 1494 2154 1533 c.
2196 1469 2271 1533 18
2302 1496 2321 1531 ε
2450 1484 2459 1491 “

155 1602 186 1635 ιι
218 1580 586 1664 Pythagorici
609 1594 668 1641 et
685 1580 884 1673 Stoici,
907 1552 1087 1664 &ium
1109 1583 1383 1646 timerent
1402 1567 1803 1665 argumentum
1824 1580 1990 1655 illud,
2004 1601 2123 1663 quo
2148 1578 2324 1639 colli-

149 1689 319 1771 gitur
351 1709 584 1749 neeesse
619 1708 744 1751 esse
787 1701 854 1749 ut
882 1688 1148 1749 occidunt
1191 1689 1412 1753 Animae
1441 1710 1573 1751 cum
1604 1687 1937 1769 corporibus
1963 1731 1983 1763 ‚
2023 1688 2160 1769 quia
2186 1708 2321 1747 cum

151 1795 496 1877 corporibus
533 1806 848 1859 namnum
862 1837 880 1870 ,
911 1794 1186 1857 dixerunt
1225 1817 1347 1856 non
1382 1796 1541 1855 nasci
1572 1796 1811 1855 Animas
1837 1839 1856 1870 ‚
1902 1794 2009 1855 sed
2038 1794 2317 1855 insinuari

151 1902 356 1983 potius
383 1903 446 1962 in
479 1923 740 1983 corpora.
779 1928 810 1957 a
843 1902 1042 1963 Utitur
1073 1901 1416 1964 Insinusndi
1442 1911 1585 1963 voce
1614 1903 1875 1984 apposita
1898 1946 1917 1977 ‚
1945 1922 2061 1983 qua
2091 1901 2321 1983 aliquo-

153 2009 272 2069 ties
303 2004 600 2069 Lucretius
626 2052 645 2083 ‚
681 2008 744 2069 in
771 2006 976 2069 Stoicis
1001 2007 1320 2071 refutandis
1349 2032 1369 2082 3
1399 2030 1535 2071 nam
1562 2008 1691 2069 illos
1718 2009 1969 2069 maxime
2007 2006 2277 2088 intelligit
2300 2049 2319 2079 ,

153 2136 345 2197 quum
375 2115 630 2177 studiose
652 2114 802 2177 banc
833 2117 1177 2193 senteutiam
1203 2117 1455 2198 repellit.
1486 2116 1647 2178 Inter
1674 2114 1789 2176 alia
1816 2114 1959 2197 (lib.
2000 2114 2096 2175 111
2126 2112 2320 2183 multis

153 2220 462 2305 versibus)
491 2248 510 2284 ε

494 2351 728 2406 Pratereu
750 2349 794 2400 si
819 2349 1110 2408 immortalis
1129 2355 1306 2406 nutura
1319 2348 1517 2398 Anixnni

493 2439 700 2490 Constat
717 2475 734 2502 ‚
757 2439 882 2489 etin
903 2455 1082 2508 eorpus
1100 2438 1409 2489 nascentibus
1428 2437 1699 2489 insinuatur
1720 2455 1735 2486 ε

491 2529 594 2582 Cur
617 2547 762 2602 super
784 2536 1060 2582 anteactam
1081 2537 1274 2582 aetatem
1293 2530 1571 2582 meminisse
1593 2525 1891 2600 nequimus?

166 2616 388 2675 Iterum
421 2637 440 2673 e

488 2743 637 2810 Quod
651 2747 694 2796 si
715 2743 842 2797 forte
861 2751 1007 2815 putas
1027 2745 1324 2798 extrinseca
1347 2745 1644 2798 insinuaturi

487 2837 776 2904 Permanere
791 2854 1008 2903 ammam
1028 2836 1170 2894 nobis
1191 2855 1280 2922 per
1299 2836 1521 2890 membru
1538 2837 1711 2898 solere„

169 2945 362 3008 Tertio
391 2967 410 3018 ε,

495 3075 598 3124 Nee
619 3079 786 3124 tumen
807 3079 910 3138 est,
933 3079 994 3125 ut
1009 3073 1372 3145 ‚imperfectis
1396 3074 1667 3133 insinuetur

487 3163 805 3234 Corporibus.
1386 3171 1391 3177 '

175 3282 266 3343 Ex
295 3283 500 3366 quibus
535 3286 721 3367 liquet
741 3328 760 3359 ,
787 3284 1004 3347 dixisse
1033 3306 1196 3352 acres
1225 3283 1643 3367 Epicureorum
1674 3281 1863 3350 hostes
1883 3282 2103 3352 Stoicos
2119 3327 2138 3360 ,
2164 3285 2319 3346 Aui-

177 3411 322 3456 msm
347 3389 577 3451 aliunde
599 3391 872 3453 advenire
893 3393 954 3454 in
973 3413 1205 3475 corpus,
1223 3413 1334 3452 nec
1354 3413 1488 3452 cum
1508 3412 1579 3456 eo
1594 3391 1767 3474 igitur
1784 3392 1994 3471 perire.
2024 3389 2310 3452 Plutarch.

113 3495 120 3508 “
174 3497 304 3556 item
329 3497 637 3557 clarissime
666 3494 799 3579 (De
821 3499 1036 3583 Pugnis
1057 3497 1284 3582 Stoic.)
1312 3522 1331 3559 z
1368 3525 1398 3554 ιι
1426 3497 1783 3580 Chrysippus
1810 3511 2005 3561 censet
2032 3498 2233 3559 foetum
2253 3501 2315 3558 in

173 3616 330 3666 utero
349 3604 424 3664 ali
447 3649 464 3678 ,
485 3615 552 3663 ut
569 3605 846 3685 plantam.
871 3606 1062 3682 Quum
1083 3619 1276 3671 nutem
1295 3608 1359 3667 in
1380 3607 1569 3670 lucem
1592 3606 1780 3666 editus
1808 3620 1895 3667 est
1908 3651 1925 3682 ,
1957 3605 2313 3689 frigefactnm

178 3731 248 3771 ex
277 3731 402 3770 sere
429 3723 488 3772 et
513 3708 845 3778 induratum
871 3755 888 3786 ,
933 3725 1154 3778 mutare
1183 3712 1461 3794 Spiritum
1486 3756 1502 3788 ,
1536 3724 1595 3773 et
1621 3713 1747 3774 fieri
1788 3712 2037 3773 Animal.
2066 3735 2093 3764 n
2127 3711 2313 3770 Immo

179 3819 388 3903 longius
419 3818 578 3880 ibant
603 3861 621 3894 ,
662 3829 722 3884 et
760 3830 982 3900 partem
1009 3819 1172 3879 Uteri
1203 3819 1491 3892 faciebant
1516 3818 1740 3882 foetum.
1778 3820 1942 3880 Idem
1975 3815 2313 3877 Plutarchus

179 3921 272 4005 (V
292 3925 374 3984 De
403 3922 558 3983 Plac.
591 3947 721 4006 cup.
765 3921 924 4005 15)=
963 3952 991 3978 «
1018 3924 1182 3984 Pluto
1209 3926 1290 3985 ait
1310 3925 1537 3986 Foetum
1566 3926 1629 3984 iu
1649 3937 1815 3986 utero
1836 3967 1853 3998 ,
1886 3923 2113 3984 Animal
2143 3943 2305 3996 esse3

183 4051 302 4104 nam
327 4044 384 4092 et
405 4032 625 4094 moveri
667 4032 748 4093 ibi
771 4075 790 4110 ,
823 4044 882 4096 et
925 4032 1024 4094 ali.
1067 4031 1240 4094 Stoici
1268 4077 1286 4110 ‚
1332 4045 1555 4115 partem
1584 4054 1709 4100 esse
1740 4033 1921 4114 ipsius
1960 4031 2111 4094 uteri
2135 4074 2153 4108 ,
2185 4053 2302 4094 non
