2667 4475
365 301 497 393 470
940 295 1364 366 SENECAE
1409 293 1544 362 ET
1593 295 1920 362 PAULI

448 451 479 477 »ι
510 419 649 484 Une
680 433 850 484 autre
879 420 1179 505 objection
1218 421 1360 483 bien
1404 421 1540 506 plus
1578 441 1760 504 grave
1799 435 1947 504 peut
1977 419 2110 483 &tre
2149 419 2308 483 tiree
2344 422 2431 484 de
2461 424 2530 485 la

364 529 768 592 cit-constance
794 547 911 609 que
942 525 1002 588 la
1031 528 1277 612 plupart
1297 529 1404 589 des
1421 547 1716 610 ouvrages
1742 528 1817 589 de
1843 524 2124 608 Seneqne
2149 540 2264 588 ont
2285 532 2399 592 ἑῐὲ
2417 535 2526 591 re'-

357 634 523 716 diges
556 646 735 694 avant
759 630 1035 695 l'arrIvee
1055 635 1132 696 de
1160 633 1316 694 saint
1332 630 1486 694 Paul
1513 633 1550 694 a
1576 629 1797 694 Rome.
1819 629 1924 693 On
1947 632 2334 696 trancherait
2359 647 2528 696 cette

358 738 647 800 difficulte
680 759 755 800 en
788 741 1073 821 adoptant
1102 738 1160 801 le
1190 737 1384 802 calcul
1415 740 1490 799 de
1521 737 1810 820 quelques
1837 759 2048 801 savans
2073 784 2093 817 ‚
2127 739 2386 822 d'aprt’es
2416 741 2522 802 le-

360 844 499 926 quel
521 843 676 906 saint
700 841 848 906 Paul
868 844 957 906 fut
971 849 1200 930 envoy&
1223 847 1260 906 a
1288 843 1490 906 Rome
1517 846 1623 907 des
1645 845 1725 907 56
1746 891 1763 922 ,
1793 847 1946 908 deux
1973 867 2085 908 ans
2108 833 2292 930 apres
2317 847 2552 910 Pare-f

361 963 607 1013 nement
626 951 699 1011 de
726 948 959 1012 Neron.
988 948 1151 1012 Mais
1175 995 1194 1027 ,
1226 971 1362 1012 sans
1384 951 1656 1012 recourir
1681 953 1717 1012 ὲ
1743 964 1838 1013 cet
1863 952 2185 1034 expedient
2209 997 2230 1028 ‚
2259 973 2350 1013 on
2373 966 2522 1036 pent

358 1057 508 1118 faire
531 1056 821 1119 observer
837 1077 951 1137 que
972 1056 1060 1118 les
1078 1054 1554 1118 ressemblances
1575 1076 1722 1118 avec
1736 1056 1826 1118 les
1843 1057 2232 1140 expressions
2249 1058 2333 1119 de
2358 1058 2522 1118 saint

358 1159 511 1222 Paul
536 1175 596 1225 et
619 1163 726 1223 des
752 1174 952 1224 autres
984 1162 1277 1222 derivains
1310 1165 1512 1222 sacres
1543 1181 1616 1221 ne
1649 1181 1715 1222 se
1743 1173 2021 1222 trouvent
2048 1161 2518 1241 frequemment

360 1290 477 1350 que
508 1271 655 1331 dans
689 1267 778 1330 les
803 1267 1074 1330 derniers
1112 1287 1404 1350 ouvrages
1433 1269 1508 1328 de
1537 1265 1811 1347 Seneque
1837 1314 1855 1344 ‚
1892 1270 2039 1330 dans
2075 1289 2190 1330 son
2223 1270 2414 1331 traite
2439 1273 2515 1331 de

360 1375 421 1436 la
450 1375 570 1438 Vie
595 1375 890 1438 heus-ense
916 1421 934 1450 ‚
958 1377 1107 1436 dans
1133 1373 1289 1436 celui
1315 1375 1422 1435 des
1449 1371 1744 1436 Bienfaits
1763 1417 1780 1450 ‚
1812 1375 1916 1454 qui
1940 1387 2074 1436 tous
2099 1375 2194 1436 les
2217 1377 2386 1437 deux
2408 1390 2514 1438 ont

360 1487 455 1544 ete
496 1483 732 1566 rediges
772 1484 947 1565 apres
987 1480 1107 1542 l'an
1140 1477 1211 1540 61
1244 1525 1262 1558 ‚
1296 1494 1357 1542 et
1397 1492 1628 1542 surtout
1663 1481 1808 1542 dans
1843 1501 1938 1550 ses
1971 1477 2216 1544 Lettres
2237 1528 2255 1556 ‚
2289 1483 2514 1545 ceritas

358 1590 620 1672 pendant
646 1588 705 1649 la
732 1587 1007 1650 der-ruere
1034 1594 1269 1670 epoque
1297 1588 1374 1647 de
1407 1607 1472 1647 sa
1500 1587 1600 1647 vie
1627 1599 1666 1646 ¹.
1697 1612 1727 1640 »ι

442 1717 746 1802 Quidquid
762 1722 836 1781 de
858 1719 965 1781 illo
990 1720 1112 1800 sive
1134 1719 1429 1796 amicitiae,
1451 1719 1574 1780 sive
1595 1715 2031 1801 Epistularum,
2055 1721 2226 1802 quod
2241 1717 2510 1782 Paulum

358 1827 514 1887 inter
569 1838 629 1886 et
678 1823 971 1886 Senecam
1016 1825 1356 1887 interfuisse
1392 1822 1606 1888 dicitur
1627 1869 1650 1906 2
1697 1825 2066 1887 commercio
2117 1827 2508 1890 sentiendum

360 1932 437 1992 sit
461 1975 478 2006 ‚
513 1929 762 1991 minime
806 1929 1196 1992 dubitandum
1224 1943 1313 1992 est
1352 1929 1494 2010 quin
1522 1928 1636 1990 illae
1661 1951 1789 2010 quae
1818 1949 1975 1991 nunc
2006 1945 2333 1993 servantur
2371 1934 2510 2016 epi-

356 2035 521 2098 stolae
549 2056 675 2097 non
704 2057 787 2097 eae
820 2035 939 2097 sint
971 2057 1115 2116 quas
1142 2037 1299 2096 inter
1325 2055 1388 2097 se
1417 2035 1815 2118 scripserunt,
1842 2035 1892 2096 si
1925 2055 2072 2116 quas
2096 2057 2323 2099 revera
2352 2040 2508 2102 scri·

358 2141 646 2225 pserint².
677 2141 1011 2203 Audiamus
1060 2139 1388 2220 Erasmum
1433 2141 1512 2202 de
1557 2141 1659 2218 iis,
1710 2140 1918 2221 quales
1947 2162 2106 2204 nunc
2151 2143 2462 2208 hahemus
2479 2191 2498 2218 ‚

352 2248 721 2335 praesantem.
750 2316 757 2329 ,

438 2412 465 2439 «ε
490 2383 607 2448 His
631 2385 901 2469 epistolis
918 2406 1040 2446 non
1058 2386 1233 2447 video
1256 2384 1404 2465 quid
1420 2384 1562 2468 fingi
1581 2386 1772 2469 possit
1786 2384 2055 2467 frigidius
2077 2399 2183 2447 aut
2199 2387 2503 2470 ineptius²

354 2503 417 2551 et
458 2502 661 2565 tamen
708 2490 972 2571 quisquis
1004 2490 1115 2551 fuit
1152 2503 1362 2551 auctor
1385 2535 1401 2563 ,
1433 2488 1551 2555 hoc
1579 2492 1701 2575 egit
1725 2534 1742 2563 ,
1783 2504 1849 2551 ut
1886 2490 2066 2553 nobis
2104 2494 2502 2574 persuaderet

353 2593 653 2657 Senecam
698 2596 881 2661 fuisse
920 2594 1347 2658 Christianum.
1393 2594 1590 2659 Divus
1631 2594 2042 2681 Hieronymus
2077 2618 2202 2661 non
2251 2599 2498 2681 ignams

354 2700 476 2762 suci
500 2745 518 2775 ‚
544 2700 763 2771 abusus
798 2714 890 2761 est
922 2700 1288 2783 simplicium
1311 2702 1658 2763 credulitate
1680 2746 1698 2776 ‚
1717 2766 1720 2771 ,
1739 2716 1806 2763 ut
1834 2700 2078 2774 Seneoee
2107 2702 2306 2765 libros
2332 2705 2494 2769 lectu

352 2826 491 2870 cum
528 2804 742 2887 primis
780 2805 991 2888 dignos
1022 2807 1477 2883 commendaret
1516 2804 1874 2869 Christianis
1889 2804 1936 2882 ³,
1975 2808 2081 2888 qui
2109 2821 2322 2871 tamen
2353 2832 2494 2872 ma·-

417 3002 435 3029 ¹
464 2996 717 3051 Ceterum
740 2996 876 3048 illins
900 2994 1250 3049 similitudinis
1272 3014 1419 3053 causa
1439 3014 1543 3047 esse
1567 3008 1730 3067 posset
1752 3014 1952 3067 quoque
1969 3036 1983 3063 ,
2008 2997 2147 3067 qnod
2171 2998 2368 3055 Paulus
2391 3002 2490 3054 Se-

354 3102 534 3135 necam
563 3081 746 3155 legerit
764 3092 811 3133 et
834 3079 1056 3133 imitatus
1080 3079 1231 3132 fuerit
1249 3116 1263 3145 ,
1280 3091 1334 3131 ut
1356 3078 1504 3152 paulo
1523 3091 1634 3152 post
1657 3080 1728 3131 D.
1752 3079 1980 3141 {Iustinus
2005 3080 2196 3152 aliique
2218 3082 2488 3139 Platonem

348 3178 731 3321 ‘uffgfel‘jsslZ-im
758 3248 1033 3321 suspicatur
1058 3247 1179 3300 alias
1196 3247 1350 3300 fuisse
1372 3247 1579 3302 senece
1609 3260 1659 3301 et
1680 3246 1830 3303 Paul-i
1856 3248 2106 3319 Epistolns
2129 3290 2146 3317 ,
2167 3248 2262 3305 bns
2283 3272 2406 3307 vero
2435 3256 2490 3309 in

340 3331 623 3387 ludibrium
656 3345 885 3387 nostrum
926 3331 1222 3405 compositas
1251 3331 1418 3385 fuisse.
1453 3330 1626 3400 Quem
1647 3332 1766 3393 vide
1786 3334 1848 3387 in
1863 3334 2068 3388 Seneca
2087 3333 2192 3388 vita
2208 3374 2228 3397 ,
2251 3356 2361 3411 cap.
2395 3357 2456 3391 ιο
2471 3377 2488 3404 ,

344 3413 437 3465 fin.
458 3410 607 3481 hujus
639 3411 757 3464 edit.
787 3411 901 3465 vol.
926 3412 981 3474 Ι,
1004 3432 1117 3487 pag.
1140 3426 1324 3466 mvl.

406 3496 431 3531 ⁸
454 3518 481 3544 α
501 3496 684 3549 Lucius
710 3498 935 3550 Annaeus
959 3495 1149 3549 Seneca
1172 3495 1514 3549 Cordubensis
1543 3497 1753 3550 Photini
1774 3497 1918 3551 stoici
1943 3497 2220 3571 discipulus
2237 3540 2254 3568 ,
2283 3514 2482 3575 patruus

343 3582 538 3635 Lucani
558 3593 736 3652 poete,
750 3580 1195 3635 continentissime
1210 3581 1327 3637 vita
1347 3580 1459 3635 fuit.
1475 3583 1646 3651 Quem
1657 3602 1763 3635 non
1787 3602 2024 3655 ponerem
2045 3584 2101 3637 in
2121 3584 2356 3659 catalogo
2375 3608 2484 3641 san·

344 3681 537 3721 ctorum
560 3666 761 3719 nisime
784 3664 887 3719 illa
908 3665 1130 3737 epistola
1148 3678 1479 3739 provocarent
1499 3704 1514 3734 ‚
1535 3686 1650 3737 qua
1667 3668 1910 3739 leguntur
1933 3689 1964 3721 a
1989 3667 2224 3743 plurimis
2246 3671 2396 3724 Pauli
2416 3673 2480 3726 ad

341 3755 615 3818 Senecam,
640 3764 690 3804 et
708 3752 914 3803 Senecae
936 3751 1002 3803 ad
1023 3752 1255 3805 Paulum.
1283 3752 1345 3803 In
1374 3750 1555 3822 quibus
1581 3771 1739 3822 quum
1763 3766 1888 3806 esset
1911 3754 2129 3806 Neronis
2165 3755 2404 3827 magister
2437 3772 2484 3809 et

340 3836 442 3888 illis
464 3832 769 3907 temporibus
788 3832 1157 3904 potentissimus
1175 3872 1191 3899 ‚
1216 3846 1388 3908 optare
1407 3852 1462 3886 se
1489 3833 1612 3886 dicit
1632 3834 1737 3904 ejus
1763 3854 1869 3888 esse
1893 3834 1994 3888 loci
2014 3836 2148 3908 apud
2167 3856 2286 3890 suos
2300 3875 2318 3903 ,
2343 3839 2484 3911 eujus

336 3921 400 3973 sit
422 3919 614 3973 Paulus
636 3917 765 3991 apud
788 3917 1117 3971 Christianos·
1140 3917 1243 3971 Hic
1263 3928 1380 3971 ante
1402 3916 1666 3970 biennium
1685 3938 1840 3989 quam
1857 3919 2034 3973 Petrus
2059 3932 2110 3971 et
2131 3918 2322 3974 Paulus
2343 3940 2480 3973 mar-—

334 4004 473 4075 tyrio
498 4014 857 4058 coronarentur
874 4044 889 4071 ‚
914 4023 940 4055 a
969 4004 1177 4057 Nerone
1208 4001 1495 4057 interfectus
1519 4016 1607 4055 est.
1631 4026 1658 4051 a·
