2667 4475
477 226 972 299 PHYSIOL.
1027 228 1533 299 STOICOR.
1588 230 1783 295 LIB.
1837 231 1986 296 1-11.
2176 232 2309 323 647

89 376 526 459 productioni
557 376 714 435 omni
747 372 1056 434 inserenda
1083 384 1188 433 est.
1235 370 1345 433 Illa
1388 374 1449 433 in
1476 373 1699 441 occulto
1728 372 2085 433 administrat
2122 373 2316 453 plera-

95 504 250 565 que
271 524 292 555 ,
337 495 406 543 et
435 482 708 562 disponit.
743 480 836 539 De
859 478 1090 541 Semine
1117 490 1310 541 autem
1344 500 1383 539 a
1414 487 1527 541 anto
1564 498 1790 557 corpore
1810 526 1825 548 ‚
1862 480 2035 540 etiam
2068 478 2316 559 Polybus

100 594 184 652 in
214 590 444 651 libello
473 594 588 671 περὶ
619 600 772 669 γονῆς
788 631 808 661 ,
854 599 914 647 et
955 584 1341 667 Hippocrates
1391 584 1652 667 pluribus
1688 585 1829 645 locis
1848 628 1865 658 ‚
1910 586 2273 654 consentiunt
2296 610 2313 645 ε

103 700 412 779 itemque
443 696 804 757 Democritus
828 717 844 753 ε
873 721 902 747 ιι
927 694 978 753 A
1007 694 1138 756 totis
1159 736 1178 767 ,
1222 693 1412 773 inquit
1448 692 1551 773 (in
1578 690 1735 753 Stob.
1773 691 1977 773 Phys.)
2000 735 2019 765 ‚
2054 695 2316 773 corpori-

105 804 246 863 bus
269 848 290 877 ,
347 814 413 865 et
457 802 760 883 precipuis
797 800 1056 882 partibus
1077 842 1096 872 ‚
1135 799 1419 881 genitura.
1452 824 1481 849 ιο
1527 798 1729 879 ltaque
1774 798 1929 863 idem
1975 825 2003 853 ιι
2027 799 2313 861 Venerem

109 909 334 992 (apud
365 910 620 971 Plinium
638 951 656 982 ,
695 906 800 971 lib,
843 904 1112 969 XXVIII
1135 948 1154 979 ,
1185 926 1314 986 cap.
1348 900 1429 985 6)
1458 905 1749 968 damnavit
1768 948 1783 978 ,
1816 918 1881 965 ut
1908 906 1969 965 in
2000 927 2115 987 qua
2142 906 2314 968 homo

117 1020 292 1079 alius
321 1016 558 1079 exiliret
589 1036 662 1077 ex
696 1014 950 1075 bomine.
983 1038 1016 1071 ι».
1046 1012 1202 1073 Hinc
1231 1012 1497 1078 debilitas
1526 1024 1583 1074 et
1614 1012 1856 1094 languor
1896 1014 1971 1073 ab
2003 1013 2101 1073 illo
2128 1025 2281 1075 coetu
2297 1057 2314 1088 ,

118 1128 322 1185 etiam
351 1124 534 1184 animi
557 1123 836 1194 remissio,
863 1122 1153 1203 spiritibus
1175 1121 1393 1179 scilicet
1412 1119 1725 1179 exhaustis.
1754 1118 1878 1179 Etsi
1902 1121 2313 1194 Tertullianus,

122 1234 244 1313 qui
279 1229 513 1291 traduci
547 1230 813 1289 Animam
851 1230 1010 1301 vult,
1051 1229 1112 1286 in
1143 1240 1543 1309 argumentum
1572 1226 1679 1285 hoc
1714 1227 1824 1285 sibi
1854 1230 2043 1287 vertit.
2076 1256 2103 1281 ιι
2126 1228 2195 1287 In
2217 1230 2315 1287 illo

124 1342 274 1421 ipso
294 1382 312 1410 ,
343 1338 537 1418 inquit
557 1334 655 1417 (de
678 1335 883 1395 Anima
901 1379 918 1407 ,
959 1356 1087 1416 cap.
1127 1330 1274 1416 27),
1303 1335 1515 1393 ultimae
1533 1334 1843 1415 voluptatis
1864 1346 2005 1393 aestu
2027 1377 2043 1407 ,
2068 1357 2184 1415 quo
2209 1358 2314 1417 ge—

131 1444 334 1505 nitale
367 1444 526 1505 virus
565 1442 892 1525 expellitur,
935 1461 1126 1500 nonne
1165 1438 1387 1520 aliquid
1423 1439 1496 1499 de
1538 1440 1729 1499 anima
1767 1462 1997 1521 quoque
2040 1442 2315 1502 sentimus

135 1554 315 1613 exire
339 1595 358 1626 ‚
395 1564 568 1635 atque
601 1550 747 1611 adeo
773 1550 1174 1613 marcescimus
1205 1560 1263 1609 et
1293 1548 1709 1633 devigescimus
1730 1593 1749 1623 ,
1783 1570 1916 1611 cum
1950 1550 2095 1611 lucis
2132 1549 2314 1609 detri-

135 1660 392 1720 mento?
421 1686 450 1712 u
485 1660 676 1723 Vertit
713 1660 947 1739 inquam
979 1680 994 1715 ε
1029 1657 1102 1717 de
1133 1656 1421 1717 Rationali
1466 1670 1657 1716 tamen
1691 1669 1853 1737 parte
1874 1700 1891 1730 ,
1942 1655 2099 1715 haud
2146 1660 2313 1735 juste.

141 1768 334 1827 Porro
361 1765 624 1827 Laertius
653 1788 672 1825 ι
708 1792 736 1821 οι
761 1765 1022 1825 Mulieris
1061 1784 1260 1825 semen
1293 1760 1711 1825 infoeeundum.
1744 1790 1773 1817 υ
1808 1763 2071 1839 Quidni?
2099 1764 2315 1847 Spiritu

145 1874 316 1933 enim
348 1884 508 1933 caret
524 1916 542 1947 ,
589 1884 648 1933 et
677 1874 860 1933 ἄτονον
891 1884 978 1931 est
993 1915 1012 1946 ,
1053 1884 1122 1931 ut
1153 1870 1336 1933 addit.
1374 1871 1723 1931 Censorinus
1752 1872 1863 1931 boc
1894 1874 2085 1953 ipsum
2114 1871 2317 1933 Stoicis

145 2001 390 2063 quoque
419 1978 692 2039 adscribit
717 2002 736 2037 ε
769 2004 798 2033 ιι
825 1978 979 2039 lund
1007 1980 1178 2041 etiam
1206 1977 1535 2062 ambiguam
1564 1980 1714 2039 inter
1740 1992 1999 2041 auctores
2026 1980 2163 2041 facit
2186 1981 2319 2061 opi-
2440 2026 2443 2029 .

147 2088 396 2147 nionem
413 2129 430 2159 ,
457 2098 730 2147 utrumne
757 2108 832 2147 ex
858 2086 1042 2149 Patris
1069 2086 1467 2147 tantummdo
1494 2086 1935 2166 semineparuis
1960 2100 2313 2160 nasceretur,

149 2206 221 2252 ut
241 2192 532 2274 Diogenes
547 2235 568 2266 ‚
599 2204 656 2252 et
678 2192 917 2274 Hippon
936 2235 953 2266 ,
987 2192 1282 2273 Stoicique,
1305 2192 1657 2272 scripserunt
1678 2214 1693 2249 ε
1718 2213 1795 2252 an
1818 2205 1877 2252 et
1898 2191 1959 2252 id
1982 2213 2053 2254 ex
2080 2192 2311 2264 Matris,

150 2298 318 2380 quod
345 2298 696 2378 Anaxagorae
713 2341 732 2370 ,
759 2309 834 2356 ,et
874 2298 1180 2356 Alcmaeoni
1199 2339 1218 2368 ‚
1255 2319 1365 2358 nec
1395 2305 1511 2356 non
1540 2296 1903 2370 Parmenidi,
1938 2296 2317 2379 Empedocli·-

155 2425 310 2486 que,
353 2417 410 2463 et
454 2401 708 2484 Epicuro
733 2404 922 2462 visum
954 2415 1059 2462 est.
1082 2427 1115 2456 τι
1153 2401 1375 2462 Licebit
1405 2402 1783 2484 Pythagoram
1818 2415 1877 2464 et
1906 2403 2315 2486 Hippocratem

160 2513 258 2571 his
287 2513 500 2572 ultimis
529 2525 858 2570 accensere.
909 2512 984 2570 At
999 2509 1216 2571 *Stoicis
1247 2509 1585 2570 Plutarchus
1616 2510 1979 2572 Aristotelem
2014 2513 2313 2596 adjungit:

167 2647 198 2675 t(
224 2619 552 2680 Aristoteles
583 2630 645 2677 et
674 2617 830 2677 Zeno
861 2618 1059 2690 aiunt,
1089 2615 1395 2678 mulierem
1420 2617 1717 2678 materiam
1750 2617 1999 2698 aliquam
2020 2617 2315 2682 humidam

167 2726 400 2806 ejicere,
430 2737 724 2806 tamquam
751 2745 788 2782 a
813 2723 1212 2784 colluctatione
1241 2723 1341 2782 illn
1370 2723 1639 2783 sudorem
1655 2766 1674 2794 ,
1706 2723 1811 2782 sed
1834 2743 1953 2784 non
1982 2727 2315 2788 seminalem

169 2846 274 2897 aut
290 2831 624 2913 prolificam.
656 2857 684 2883 »ι
717 2831 938 2890 Tamen
967 2831 1134 2890 aliter
1169 2830 1379 2890 iterum
1402 2829 1491 2890 'de
1526 2831 1829 2890 Aristotele
1862 2831 2189 2897 Lactantius
2218 2832 2317 2916 (de

172 2937 312 3020 Opis
311 2980 325 2998 .
342 2981 358 3012 ,
389 2959 518 3019 cap.
555 2959 582 2996 ι
597 2935 660 3020 2)
687 2961 704 2996 τ
735 2963 761 2994 ιι
789 2937 979 2996 Varro·
1003 2949 1060 2995 et
1085 2937 1421 2997 Aristoteles
1448 2937 1613 2998 aiunt
1626 2979 1643 3009 ,
1674 2957 1792 2998 non
1814 2949 2049 3000 tantum·
2062 2942 2316 3002 maribus

174 3049 352 3105 inesse
377 3065 574 3105 semen
591 3087 608 3116 ,
647 3065 850 3104 verum
883 3056 942 3103 et
971 3043 1222 3104 soeminis
1253 3067 1268 3102 ε
1303 3056 1361 3104 et
1391 3043 1531 3105 inde
1558 3043 1895 3125 plerumque
1922 3049 2199 3108 matribus
2228 3051 2319 3109 si—

175 3153 333 3212 miles
365 3153 670 3234 procreari.
718 3151 832 3212 Sed
871 3173 1070 3210 earum
1113 3159 1316 3210 semen
1358 3150 1707 3231 Sanguinem
1758 3173 1881 3212 esse
1922 3165 2250 3234 purgatum.
2284 3183 2310 3210 n

177 3258 302 3318 Non
323 3261 496 3318 miror
521 3258 761 3320 distrahi
794 3281 816 3316 ε
843 3281 978 3318 nam
1006 3260 1132 3338 ipse
1165 3257 1497 3316 Aristoteles
1524 3257 1753 3320 videtur
1786 3261 1847 3318 in
1876 3261 2101 3342 seriptis
2128 3265 2315 3324 vacil—

180 3369 316 3430 lare..
339 3367 550 3426 Tamen
579 3367 790 3426 veritas
817 3379 906 3426 est
923 3410 940 3440 ,
973 3365 1137 3447 quod
1157 3367 1349 3446 ipsum
1370 3363 1579 3427 Sennea
1600 3387 1717 3424 non
1732 3365 1953 3427 babent
1967 3411 1985 3441 ,
2010 3391 2119 3428 nec
2138 3370 2316 3431 donat

187 3475 492 3534 Auistot'eles
526 3497 544 3531 ι
574 3473 685 3533 sed
714 3473 838 3552 ejus
871 3475 997 3532 vice
1029 3485 1401 3534 mensu-uum
1421 3472 1715 3554 puriorem
1742 3473 2089 3557 Sanguinem
2116 3477 2315 3559 (qnod

187 3582 340 3640 etiam
363 3581 422 3640 in
459 3577 792 3659 Lactantio)
821 3578 1182 3640 sotum·virili
1213 3580 1423 3640 omnini
1452 3579 1893 3646 et0nlimentum.
1934 3583 2111 3654 Addit
2138 3583 2315 3654 Laer-

190 3687 290 3750 tius
317 3709 332 3745 ε
359 3713 388 3740 u
407 3684 703 3745 Modicum
729 3696 792 3743 et
817 3685 1132 3765 Aquosum.
1163 3711 1192 3742 ιι
1225 3685 1316 3748 Ita
1333 3729 1351 3758 ,
1380 3685 1455 3746 de
1480 3685 1579 3744 ille
1600 3688 1762 3767 φηςι·
1790 3685 2033 3761 sudore,
2056 3701 2130 3748 ut
2156 3691 2311 3752 Zeno

193 3793 420 3866 «licebat,
449 3793 574 3852 sive
597 3792 850 3863 lentore,
881 3811 1056 3870 quem
1083 3792 1148 3851 in
1173 3791 1330 3852 lucta
1358 3793 1625 3854 emittunt
1650 3816 1667 3850 ε
1694 3795 1917 3854 nonita
1936 3793 2013 3854 de
2035 3799 2311 3878 sanguine

196 3921 491 3962 mensuum).
523 3901 672 3963 Satis
701 3899 776 3964 de
789 3898 1024 3960 Semine
1045 3943 1061 3973 ,
1100 3922 1134 3958 e
1162 3922 1281 3981 quo
1309 3901 1477 3960 foetus
1500 3902 1565 3960 fit
1585 3944 1601 3974 ,
1632 3914 1691 3962 et
1719 3914 1977 3981 tempore
1995 3902 2306 3984 figuratur-2

199 4031 298 4088 qua
319 4007 452 4067 serie
467 4051 486 4081 ,
515 4021 614 4068 aut
641 4006 882 4070 ordine?
909 4033 938 4062 c«
968 4003 1347 4086 Empedocles
1364 4051 1381 4081 ,
1412 4009 1491 4068 ait
1514 4008 1861 4091 Censorinus
1883 4051 1899 4082 ,
1925 4031 2096 4089 quem
2118 4013 2179 4071 in
2203 4013 2307 4073 hoe
