2667 4475
364 292 499 360 216
972 291 1055 356 L.
1104 285 1466 357 ANNAEI·
1503 282 1930 355 SENECAE

360 422 604 491 ordino
628 425 645 456 ¹
660 470 679 503 ,
722 421 1148 501 continentes
1202 434 1408 487 totam
1462 416 1793 486 Moralem
1843 416 2308 513 Philosophiae
2345 442 2514 514 par·

358 553 497 605 tem
534 536 761 605 statim
794 534 1171 629 expediam.
1208 532 1392 603 Illud
1425 549 1650 602 tamen
1677 536 1874 627 prius
1901 533 2192 603 scribam
2217 586 2241 621 ,
2265 560 2514 628 quem-

357 649 721 719 admodum
765 650 892 718 tibi
950 652 1077 719 ista
1124 648 1463 744 cupiditas
1514 645 1863 732 discendi,
1912 673 2051 741 qua
2091 649 2388 743 flagrare
2444 666 2512 718 te

278 802 309 835 a
358 766 595 851 video,
646 766 1007 861 dirigenda
1058 768 1181 853 sit,
1232 790 1323 835 ne
1369 767 1518 860 ipsa
1565 790 1638 834 se
1685 765 2036 859 impediat.
2081 768 2228 835 Nec
2257 769 2512 861 passim

360 884 703 977 carpenda
728 899 921 972 sunt3
947 908 1078 953 nec
1099 882 1299 952 avide
1324 881 1707 951 invadenda
1727 883 2048 951 universa
2085 908 2101 949 :
2131 905 2259 977 per
2283 898 2516 977 partes

358 1000 757 1093 pervenitur
799 998 889 1067 ad
930 1013 1171 1067 totum.
1221 997 1463 1090 Aptari
1508 1020 1680 1064 onus
1725 996 1988 1065 viribus
2034 995 2332 1087 debet²;
2382 1022 2514 1065 nec

360 1114 516 1209 plus
538 1116 897 1209 occupari,
932 1138 1135 1212 quam
1164 1116 1277 1182 cui
1306 1112 1623 1181 sufficere
1649 1107 2047 1205 possimus³.
2080 1096 2268 1197 Non,
2301 1138 2516 1207 quan-

361 1248 505 1297 tum
553 1232 698 1316 vis,
753 1228 875 1299 sed
910 1244 1237 1322 quantum
1294 1229 1514 1322 capis,
1561 1227 2020 1299 hauriendum
2068 1244 2196 1297 est.
2251 1232 2516 1299 Bonum

362 1364 621 1425 tantum
649 1348 829 1423 habe
859 1348 1161 1416 animum
1182 1374 1203 1436 3
1226 1346 1456 1439 capies
1477 1395 1496 1428 ,
1531 1360 1864 1437 quantum
1883 1341 2139 1414 voles⁴.
2173 1344 2336 1439 Quo
2359 1346 2520 1440 plus

279 1476 311 1529 3
362 1467 614 1561 recipit
638 1468 939 1549 animus,
973 1465 1107 1533 hoc
1141 1489 1213 1533 se
1250 1463 1466 1558 magis
1484 1463 1684 1531 laxat.
1721 1465 1880 1532 Haec
1907 1462 2108 1532 nobis
2135 1466 2518 1558 praecipere

363 1582 667 1652 Attalum
690 1575 715 1618 ⁵
752 1582 1071 1665 memini,
1115 1605 1327 1675 quum
1377 1579 1676 1649 scholam
1713 1580 1863 1673 ejus
1899 1577 2368 1649 obsideremus
2391 1632 2414 1664 ,
2451 1597 2525 1649 et
2639 1620 2641 1639 ι

364 1699 571 1791 primi
615 1698 1047 1781 veniremus,
1108 1711 1179 1763 et
1232 1695 1585 1769 novissimi
1629 1695 2014 1779 exiremus,
2053 1694 2520 1763 ambulantem

366 1836 642 1905 quoque
678 1812 869 1880 illum
902 1810 994 1879 ad
1026 1811 1289 1904 aliquas
1326 1811 1819 1908 disputationes
1856 1834 2292 1881 evocaremus
2309 1862 2330 1893 ,
2375 1836 2527 1881 non

368 1945 629 2000 tantum
681 1943 993 2024 paratum
1037 1927 1495 2021 discentibus,
1546 1926 1666 1997 sed
1715 1927 2015 1995 obvium.
2068 1955 2104 1991 «
2125 1927 2354 2012 Idem,
2407 1930 2527 1998 in-

368 2046 569 2137 quit,
600 2062 670 2113 et
702 2045 1011 2127 docenti,
1055 2061 1125 2113 et
1154 2044 1448 2115 discenti
1486 2044 1694 2114 debet
1731 2068 1878 2113 esse
1918 2046 2340 2139 propositum
2387 2072 2408 2113 t
2449 2062 2536 2114 ut

368 2160 488 2227 ille
520 2158 847 2255 prodesse
878 2160 1076 2244 velit,
1110 2158 1228 2227 hic
1256 2159 1666 2254 proficere.»
1701 2158 1845 2252 Qui
1871 2158 1960 2227 ad
1987 2155 2534 2253 “Philosophum
2639 2178 2641 2219 ἐ

366 2276 594 2360 venit,
638 2252 947 2367 quotidie
983 2273 1247 2368 aliquid
1284 2297 1512 2342 secum
1545 2274 1710 2354 boni
1746 2273 1960 2360 ferat·‚
1997 2289 2119 2342 aut
2140 2274 2369 2342 sanior
2397 2273 2538 2344 do—

286 2403 319 2466 4
369 2413 555 2460 mum
590 2390 823 2488 redcat
847 2439 867 2474 ‚
908 2404 1029 2460 aut
1070 2388 1466 2458 sanabilior.
1521 2389 1803 2458 Redibit
1849 2403 2078 2457 autem
2131 2417 2148 2458 z
2197 2413 2278 2457 ea
2333 2392 2538 2459 enim
2639 2405 2641 2464 j

366 2506 820 2600 Philosophiae
842 2507 945 2576 vis
970 2521 1071 2574 est
1088 2554 1112 2589 ,
1144 2520 1222 2573 ut
1245 2528 1386 2572 non
1412 2503 1696 2596 [solum]
1727 2503 2076 2573 studentes
2093 2509 2148 2587 ⁷,
2167 2503 2288 2572 sed
2311 2507 2538 2576 etiam

370 2739 448 2786 tet·
466 2729 686 2794 pertinet
714 2738 764 2778 et
780 2743 1035 2796 properas
1068 2724 1398 2786 incommode

372 2804 653 2864 infulciunt
684 2803 955 2869 nonnulli,
980 2803 1217 2876 ignorant
1240 2803 1400 2857 nostri

370 2881 493 2935 libri
518 2895 568 2934 ct
588 2881 735 2934 Grut.
758 2879 922 2934 Sclm.

444 2980 487 3012 1.
509 2959 731 3013 Ordine.
745 2958 861 3012 Nic.
880 2955 1047 3010 Faber
1066 2978 1095 3011 e
1118 2977 1235 3010 mss.
1254 2955 1399 3010 libris

374 3037 622 3110 reposuit,
644 3055 803 3107 quum
821 3035 907 3087 alii
922 3035 1199 3088 baberent:
1219 3037 1402 3088 max-1⁸-

374 3137 459 3170 me
487 3118 667 3170 ordine
684 3156 701 3182 ‚
734 3117 965 3180 ordinem
984 3156 999 3184 ,
1034 3118 1283 3176 maximo
1323 3133 1404 3167 or·b

377 3198 513 3249 dine.
541 3193 723 3246 Ruhlc.

443 3292 489 3324 α.
505 3273 707 3340 Aptari
714 3291 845 3325 onus
860 3271 1061 3327 viribus
1078 3272 1239 3326 debet.
1258 3271 1405 3324 Idem

370 3345 602 3425 praecipit
630 3349 872 3403 Horatius
903 3349 968 3403 de
1000 3353 1121 3402 Arte
1143 3347 1286 3402 Poet.
1308 3351 1403 3404 38:

380 3451 409 3478 ιι
427 3427 623 3490 Sumite
646 3429 906 3484 materiam
928 3426 1103 3485 vestris
1119 3466 1133 3493 ,
1171 3427 1262 3498 qui
1289 3428 1408 3482 scri·

376 3509 495 3562 bitis
510 3546 526 3573 ‚
546 3527 742 3580 equam
760 3507 997 3574 Viribus;
1018 3521 1067 3560 et
1078 3521 1269 3574 versate
1287 3509 1406 3574 «liu,

378 3588 502 3660 quid
518 3591 647 3641 ferre
659 3599 907 3656 recusent,
928 3586 1073 3656 Quid
1089 3586 1292 3639 valeant
1310 3587 1409 3639 hu-

380 3687 526 3720 meri.
544 3689 573 3714 ιο

449 3745 497 3800 3.
518 3745 797 3798 Pessimus
809 3783 824 3812 ,
846 3763 899 3797 a.
927 3741 997 3795 R.
1018 3741 1193 3816 Vulgo
1207 3760 1407 3812 possu-

380 3843 518 3888 mus.
542 3821 703 3877 Schw.

450 3907 496 3970 4.
520 3904 707 3972 capies
720 3937 737 3964 ‚
771 3913 1029 3972 quantum
1071 3906 1213 3958 voles
1238 3919 1258 3954 .·
1284 3901 1407 3972 qnia

386 3979 494 4038 scil.
516 3980 560 4032 si
582 3979 778 4034 bonum
816 3981 969 4035 habes
994 3981 1222 4034 animum
1242 4019 1257 4044 ‚
1298 3999 1406 4034 non

387 4052 498 4144 plus
513 4059 716 4114 haurire
738 4061 894 4126 voles,
903 4081 1053 4134 quam
1063 4080 1239 4136 capere
1249 4071 1406 4131 potes.

1514 2715 1525 2721 “
1562 2727 1608 2777 5.
1631 2725 1896 2778 Attalum.
1930 2723 2039 2780 sub
2063 2723 2294 2800 imperat.
2312 2723 2538 2780 Tiberio

1493 2801 1690 2859 clarum
1717 2802 1945 2855 Stoicum
1960 2842 1976 2869 ,
2013 2803 2104 2876 qui
2127 2803 2294 2857 solum
2320 2804 2496 2856 vertit
2515 2823 2541 2856 a

1495 2879 1682 2962 Seiano
1717 2879 2122 2953 circumscriptus
2137 2918 2152 2945 ,
2198 2898 2414 2952 magne
2463 2883 2542 2938 vir

1495 2956 1824 3028 eloquentiae,
1847 2979 1906 3012 ex
1927 2957 2238 3031 philosophis
2251 2995 2268 3022 ,
2289 2977 2433 3030 quos
2457 2981 2543 3014 no·

1497 3049 1597 3089 stra
1615 3048 1734 3092 etas
1753 3035 1882 3089 vidit
1894 3073 1910 3102 ,
1932 3037 2088 3111 longe
2107 3049 2158 3089 et
2175 3035 2542 3094 subtilissimus

1501 3128 1550 3169 et
1575 3113 1983 3179 facundissimus.
2008 3115 2086 3168 M.
2105 3116 2237 3167 Ann-
2253 3115 2474 3171 Scneca
2497 3120 2543 3171 in

1501 3195 1738 3249 Suasoris
1754 3215 1800 3247 α.
1815 3193 2019 3249 Fabric.
2035 3193 2174 3251 Bibl.
2189 3214 2264 3268 gr.
2281 3195 2366 3247 ΙΙΙ
2379 3235 2402 3261 ,
2429 3201 2545 3268 544.

1567 3351 1617 3405 6.
1647 3352 1758 3424 Qui
1773 3354 1854 3404 ad
1874 3352 2270 3422 Philosophum.
2289 3351 2428 3407 Hoc
2449 3355 2544 3410 de-

1503 3432 1683 3494 buerat
1706 3451 1797 3484 ms.
1835 3453 1888 3485 a.
1925 3433 1982 3484 in
2011 3452 2113 3504 quo
2135 3430 2390 3492 mendose
2417 3441 2544 3504 quia

1498 3509 1882 3580 philosophum.
1908 3512 2022 3583 Qui
2049 3512 2129 3562 ad
2141 3509 2544 3579 philosophiam

1503 3609 1545 3642 c.
1561 3588 1631 3641 Α.
1663 3589 1778 3660 Qui
1793 3591 1876 3642 ad
1886 3588 2312 3658 philosophorum
2323 3590 2544 3648 Schola-5
2639 3643 2641 3654 ⁴

1506 3666 1665 3740 vulgo
1681 3704 1696 3728 ,
1725 3687 1785 3720 ex
1810 3667 1881 3720 R.
1909 3665 2073 3720 Schoe.
2639 3669 2641 3684 *

1571 3765 1619 3808 7.
1655 3745 1782 3798 Non
1819 3745 2039 3814 [solum]
2079 3745 2366 3806 studentes.
2405 3745 2544 3801 Istud
2640 3797 2641 3802 ,

1502 3823 1702 3886 solum,
1733 3821 1797 3874 ab
1825 3824 2038 3876 Erasmo
2063 3823 2348 3895 adiectum,
2385 3825 2545 3900 iguo-
2639 3865 2641 3878 .

1502 3912 1618 3953 rant
1639 3921 1691 3953 a.
1711 3921 1754 3954 c.
1777 3899 1849 3952 R.
1881 3903 1950 3954 A.
1977 3914 2026 3954 et
2049 3900 2230 3953 rectius
2253 3937 2270 3965 ,
2291 3912 2360 3954 ut
2401 3903 2544 3958 nobis
2640 3909 2641 3922 ³

1504 3979 1720 4044 videtur,
1743 3979 2162 4052 abjicietur.Vide
2177 3989 2286 4032 not.
2309 3981 2390 4034 ad
2411 3999 2538 4046 vm,

1505 4069 1553 4109 et
1577 4059 1638 4112 cf.
1663 4073 1811 4112 xxiv.
1835 4056 2000 4113 Schw.
