2667 4475
396 305 533 392 440
1162 297 1740 369 ExcERPTA

292 495 309 508 .
390 457 727 530 pauperes
760 455 934 504 esse.
972 428 1213 528 Incipe
1254 455 1410 502 cum
1439 445 1838 528 paupertate
1873 431 2132 502 habere
2161 433 2554 503 contuher-
2650 455 2651 496 ;

390 576 606 622 mum.

717 676 867 731 Ande
884 717 901 740 ,
923 675 1102 751 hospes
1124 715 1141 744 ,
1168 641 1490 731 contentum
1511 695 1630 748 opes
1651 715 1668 744 ,
1691 689 1740 730 et
1761 689 1808 730 te
1832 695 2034 748 quoquc
2055 676 2272 748 dignun

722 762 890 834 Finge
914 760 1075 814 Deo..
1090 798 1107 814 .
1124 798 1140 814 .
1158 797 1175 813 .
1408 832 1412 837 1
1797 767 1810 780 ”

388 894 601 961 Nemo
656 890 831 980 alius
869 891 1120 988 dignus
1155 891 1301 961 Deo
1351 906 1456 959 est
1471 941 1494 977 ,
1544 893 1674 960 nisi
1725 893 1847 984 qui
1893 915 2056 986 opes
2097 896 2550 986 contempsit.

390 1007 629 1102 Quare
662 1009 1117 1103 possessiones
1140 1005 1268 1075 tibi
1296 1030 1436 1075 non
1463 1007 1838 1096 interdico,
1875 1007 1998 1077 sed
2023 1007 2308 1077 efficere
2333 1010 2507 1078 volo
2525 1061 2548 1094 ,

391 1137 471 1193 ut
500 1123 650 1193 illas
674 1122 1018 1218 intrepide
1050 1122 1422 1218 possideas3
1459 1121 1646 1216 quod
1675 1144 1814 1194 uno
1841 1127 2284 1218 consequeris
2309 1125 2548 1212 modo,

392 1239 450 1307 si
479 1255 545 1308 te
576 1242 777 1309 etiam
816 1241 964 1309 sine
1000 1238 1137 1307 illis
1167 1238 1347 1308 bene
1371 1239 1710 1308 victurum
1737 1241 2152 1333 speraveris,
2191 1257 2266 1309 et
2298 1243 2362 1309 si
2399 1241 2556 1309 illas

393 1341 716 1450 tanquam
766 1358 1064 1426 exituras
1115 1355 1484 1448 aspexeris.
1524 1353 1845 1429 Discedat
1881 1357 2190 1449 quisquis
2243 1379 2396 1425 non
2437 1373 2506 1424 te
2525 1407 2550 1441 ‚

391 1471 513 1542 sed
538 1471 727 1542 aliud
753 1475 826 1542 in
854 1489 922 1542 te
948 1469 1396 1565 sequebatur3
1428 1470 1516 1539 ob
1540 1470 1674 1540 hoc
1698 1495 1908 1540 unum
1935 1487 2036 1541 est
2057 1473 2350 1542 amanda
2380 1497 2555 1567 peu-
2649 1469 2651 1480 ⁴

390 1606 651 1684 pertas,
685 1590 873 1685 quod
897 1614 939 1659 a
966 1589 1215 1682 quibus
1241 1589 1525 1674 ameris,
1561 1589 1880 1658 ostendit.
1913 1589 2202 1658 Multum
2229 1607 2374 1674 est,
2411 1613 2554 1658 non

391 1710 740 1802 corrumpi
774 1707 1165 1777 divitiarum
1202 1705 1678 1776 contubernio.
1736 1710 2026 1802 Magnus
2076 1706 2196 1776 ille
2243 1723 2350 1776 est
2367 1757 2396 1793 ,
2431 1708 2554 1800 qui

391 1825 466 1894 in
498 1823 761 1894 divitiis
786 1847 1050 1918 pauper
1074 1839 1199 1893 est.
1234 1825 1449 1895 Nemo
1475 1824 1777 1891 nascitur
1800 1822 2014 1891 dives.
2045 1823 2390 1917 Quisquis
2417 1825 2556 1892 exit

392 1942 467 2009 in
492 1941 715 2010 lucem
732 1992 751 2024 ,
776 1942 1007 2034 jussus
1038 1958 1140 2010 est
1174 1965 1352 2036 pane
1388 1957 1456 2009 et
1491 1940 1663 2009 lacte
1697 1964 1844 2009 esse
1879 1955 2282 2027 contentus;
2317 1939 2416 2010 ab
2441 1942 2554 2009 his

394 2057 609 2127 initiis
648 2081 863 2153 regna
901 2081 1026 2126 nos
1062 2082 1203 2126 non
1240 2058 1541 2152 capiunt.
1591 2057 1842 2124 Panem
1891 2072 1962 2125 et
2013 2079 2260 2150 uquam
2299 2072 2552 2125 natura

395 2173 765 2264 desiderat3
801 2161 1001 2245 nemo
1036 2173 1122 2243 ad
1158 2175 1309 2247 haec
1349 2197 1610 2267 pauper
1653 2189 1799 2259 est3
1850 2174 2031 2243 intra
2081 2197 2234 2267 quae
2281 2174 2340 2243 si
2393 2175 2552 2267 quis

395 2289 809 2364 desiderium
842 2316 1039 2362 suum
1074 2290 1308 2376 clusit,
1353 2315 1507 2359 cum
1545 2291 1694 2382 ipso
1721 2292 1886 2359 Jove
1917 2290 2005 2360 de
2035 2290 2359 2360 felicitate
2385 2315 2554 2360 con-

393 2414 651 2486 tendat.
693 2420 829 2486 Res
866 2417 1207 2515 inquieta,
1251 2414 1541 2483 felicitas
1574 2428 1717 2496 est,
1759 2414 1906 2508 ip‘sa
1932 2437 2004 2483 se
2033 2414 2362 2506 exagitat,
2403 2440 2550 2483 mo-

394 2549 509 2602 vet
544 2532 948 2616 cerebrum,
984 2556 1123 2600 non
1156 2532 1226 2599 in
1258 2555 1395 2599 uno
1433 2553 1722 2623 genere3
1764 2529 1932 2599 alios
1965 2532 2041 2598 in
2081 2529 2338 2600 cultum
2385 2532 2550 2600 irri-

395 2666 489 2717 tat
512 2701 535 2737 ,
574 2651 743 2718 alios
793 2650 866 2718 in
908 2650 1313 2743 potentiam,
1353 2647 1521 2715 alios
1555 2646 1791 2730 inflat,
1839 2646 2007 2715 alios
2050 2646 2294 2717 mollit.
2331 2650 2411 2718 Si
2449 2652 2546 2716 vis

394 2765 615 2850 scire,
674 2787 878 2859 quam
929 2762 1107 2832 nihil
1166 2762 1325 2831 mali
1371 2764 1456 2832 sit
1502 2765 1576 2831 in
1610 2779 2042 2858 paupertate,
2085 2788 2406 2858 compara
2440 2768 2550 2834 in-

396 2898 501 2949 ter
533 2904 606 2950 se
632 2880 889 2950 vultum
934 2881 1256 2975 pauperis
1300 2894 1374 2951 et
1416 2880 1674 2949 divitis.
1708 2882 1969 2975 Saepius
1992 2904 2254 2976 pauper
2281 2898 2352 2951 et
2375 2883 2546 2953 fide-

390 2994 527 3063 lius
552 2994 733 3063 ridet
764 3020 781 3061 :
814 2994 1003 3063 nulla
1028 2992 1487 3063 sollicitudine
1512 2996 1922 3079 concutitur,
1942 2996 2017 3063 in
2042 2994 2181 3064 alto
2208 3011 2356 3085 est3
2381 3022 2546 3067 cura

393 3112 577 3181 velut
628 3111 847 3181 nubes
899 3111 1066 3182 levis
1112 3110 1378 3179 transit.
1424 3112 1686 3180 Horum
1721 3112 1841 3204 qui
1887 3110 2120 3182 felices
2163 3130 2502 3183 vocantur
2519 3166 2542 3199 ,

392 3228 700 3327 hilaritas
725 3228 883 3298 ficta
912 3245 1014 3297 est
1047 3256 1063 3297 t
1098 3228 1263 3299 huic
1304 3228 1530 3321 gravis
1556 3245 1627 3296 et
1653 3251 1970 3322 suprema
1993 3229 2314 3328 superbia
2329 3282 2352 3315 ,
2385 3232 2548 3301 licet

394 3368 530 3412 non
566 3346 786 3438 palam
810 3397 828 3429 ,
864 3345 1136 3414 tristitia
1168 3359 1309 3431 est;
1343 3366 1425 3412 eo
1461 3343 1736 3437 quidem
1768 3344 2067 3439 gravior,
2110 3344 2302 3439 quod
2331 3348 2546 3416 inter-

396 3458 558 3529 dum
610 3486 750 3529 non
802 3463 966 3531 licet
1007 3460 1227 3555 palam
1276 3484 1424 3529 esse
1459 3462 1783 3547 miseros,
1838 3459 1958 3530 sed
1994 3462 2174 3531 inter
2205 3486 2542 3533 aerumnas

394 3601 512 3644 cor
544 3578 764 3671 ipsum
794 3578 1151 3647 exedentes
1169 3629 1186 3661 ,
1231 3601 1508 3647 necesse
1534 3592 1638 3646 est
1656 3600 1864 3671 agere
1905 3576 2199 3647 felicem.
2246 3578 2542 3649 Abstra-

394 3696 571 3764 hunt
592 3719 633 3763 a
660 3709 847 3764 recto
874 3693 1127 3764 divitiae
1146 3744 1165 3780 ,
1198 3694 1493 3764 honores
1512 3745 1534 3781 ,
1570 3695 1888 3788 potentiae
1906 3745 1929 3781 ,
1961 3710 2031 3764 et
2061 3710 2307 3765 caetera
2341 3724 2358 3765 ε
2394 3724 2542 3791 quae

392 3810 718 3903 opinione
748 3809 1101 3878 hominum
1136 3832 1293 3878 cara
1332 3826 1524 3888 sunt,
1562 3810 1786 3903 pretio
1821 3832 1945 3879 suo
1971 3808 2159 3900 vilia.
2192 3812 2542 3881 Nescimus

394 3926 723 3996 aestimare
762 3951 911 4011 res,
954 3922 1040 3995 de
1078 3926 1328 4020 quibus
1361 3950 1499 3995 non
1536 3950 1690 3995 cum
1727 3925 1936 4011 fama,
1971 3924 2094 3997 sed
2120 3952 2278 3998 cum
2313 3953 2536 3998 rerum

397 4059 639 4113 natura
670 4040 1185 4113 deliberandum
1220 4059 1346 4111 est.
1385 4040 1575 4112 Nihil
1605 4042 1860 4113 habent
1891 4044 2024 4113 ista
2055 4046 2532 4139 magnificum,
