2667 4475
359 312 494 403 678
659 310 724 377 J.
775 308 1098 377 LIPSII
1145 308 1439 379 PHYS.
1490 308 1847 381 ST01c⁶
1904 312 2121 379 LIB.
2176 316 2341 381 III.

359 454 600 535 Physica
633 432 744 515 isia
779 454 1083 515 lustremus
1115 478 1132 514 ε
1165 476 1282 515 non
1311 468 1381 514 ut
1404 455 1613 515 cun-iosi
1638 454 1977 517 abditorum
2005 460 2425 539 inspectores,
2451 464 2539 523 sai

356 561 542 623 seduli
589 563 764 623 animi
795 562 1042 623 cultores
1066 605 1084 636 ,
1133 574 1201 621 ut
1239 561 1516 645 dignitate
1552 562 1673 641 ejus
1706 564 1943 645 cognita
1972 609 1991 637 ‚
2030 564 2253 627 locum
2294 570 2351 629 ei
2390 591 2539 629 suum

360 668 650 749 decusque
682 688 994 729 servemus,
1037 668 1222 743 Quem
1261 668 1491 727 locum?
1530 666 1756 727 Senem
1798 670 2002 729 verbis
2046 670 2227 755 (Ep.
2264 675 2425 757 mv)
2446 700 2465 735 z
2490 690 2541 735 nt

365 802 394 829 «ι
418 798 592 857 quem
619 777 682 835 in
709 776 817 834 hoc
853 774 1076 835 Mundo
1113 775 1306 833 locum
1344 774 1505 833 Deus
1544 775 1799 847 obtinet,
1840 774 2011 835 hunc
2042 779 2117 837 in
2142 778 2389 841 homine
2412 784 2541 841 Am·-

363 905 490 941 mus
517 906 536 941 ε
565 909 592 937 ι»
624 884 687 943 id
719 895 804 943 est
821 926 838 957 ,
867 882 1111 961 imperet
1141 892 1413 962 regatque
1434 924 1451 954 ,
1484 881 1701 940 colatur
1728 902 1763 939 a
1794 882 1971 941 nobis
1990 926 2011 955 ,
2042 897 2113 943 et
2144 889 2425 962 affectus,
2450 912 2541 947 eu-

363 989 589 1070 pidines
611 1032 628 1062 ,
662 990 856 1048 omnia
900 986 1152 1046 humana
1196 986 1409 1047 domita
1449 987 1655 1047 habeat
1702 1010 1769 1045 ac
1816 988 2129 1069 subjecta.
2174 995 2327 1055 Hac
2366 998 2451 1055 via
2480 997 2535 1055 ad

363 1096 626 1154 ultimum
659 1094 896 1167 Finem,
923 1092 998 1153 ad
1021 1092 1375 1151 Felicitatem
1392 1137 1408 1167 ,
1438 1115 1553 1175 quo
1582 1094 1843 1153 Porticus
1872 1107 2043 1171 tota,
2074 1113 2147 1159 et
2168 1123 2417 1184 magnus
2437 1106 2537 1181 ejus

365 1200 594 1260 tubicen
615 1224 682 1261 ac
711 1201 919 1260 tibicen
951 1200 1168 1259 Seneca
1197 1212 1420 1275 noster,
1452 1213 1675 1259 vocant.
1704 1198 1839 1259 Huc
1864 1202 2063 1265 tende
2086 1250 2108 1281 ,
2136 1206 2301 1269 hanc
2322 1224 2377 1270 et
2395 1212 2535 1269 istm

366 1327 526 1380 ama,
561 1332 674 1390 qua
705 1322 900 1369 amant
923 1307 1200 1367 Honesta.
