2667 4475
20 3687 25 3693 .
12 3608 25 3643 ῃ
12 3529 23 3561 ,ι
12 3446 23 3483 -ο
14 3380 18 3401 -
12 3295 20 3325 v—
12 3210 23 3245 -“

696 338 836 407 Ex
887 338 1241 409 LIBRIS
1288 338 1742 409 SENECAE.
1959 328 1966 335 '
2159 348 2282 430 401

138 473 327 543 'eerit
368 494 385 535 ι
422 470 799 563 praesertim
834 490 1045 561 quum
1078 466 1385 561 quaedam
1415 465 1634 539 viduae
1667 472 1806 539 sint
1831 521 1850 554 ,
1887 488 1964 541 ut
1997 475 2296 568 Populo-

144 588 275 655 nia
298 636 318 669 ,
360 586 467 655 vel
494 584 833 678 Fulgura,
885 598 956 651 et
994 579 1151 651 diva
1194 584 1488 653 Rumina
1517 634 1540 670 ,
1598 584 1850 678 quibus
1899 610 2038 659 non
2081 593 2295 661 miror

144 704 517 796 petitorem
530 698 828 771 defuisse
849 704 867 735 ¹
885 750 903 767 .
920 701 1209 769 Omnem
1228 702 1427 770 istam
1450 700 1821 795 ignobilem
1841 702 2126 776 deorum
2150 726 2296 777 tur-

148 820 315 887 bam
338 856 363 905 5
401 842 605 911 quam
640 817 847 911 longo
888 840 1031 887 aevo
1070 817 1277 911 longa
1306 820 1698 912 superstitio
1721 825 2062 915 congessit
2080 874 2104 910 ‚
2138 828 2239 894 sic
2271 877 2290 909 ‚

154 938 390 1029 inquit
406 987 425 1019 ‚
442 932 889 1003 adorabimus
905 984 924 1015 ,
948 949 1027 1001 ut
1045 936 1555 1006 meminerimus
1572 988 1592 1022 ‚
1625 938 1881 1008 cultum
1907 941 2056 1034 ejus
2083 947 2300 1038 magis

151 1051 249 1120 ad
278 1074 533 1120 morem
549 1099 570 1133 ,
602 1074 801 1143 quam
828 1036 918 1117 ad
940 1072 1081 1118 rem
1108 1050 1483 1143 pertinere.
1505 1076 1546 1145 3>
1569 1053 1715 1119 Nee
1733 1052 1918 1145 leges
1943 1078 2111 1151 ergo
2131 1057 2291 1139 illm,

151 1188 294 1235 nec
307 1188 477 1247 mos,
498 1166 573 1234 in
586 1162 775 1233 civili
796 1164 1137 1256 theologia
1162 1162 1239 1231 id
1256 1165 1735 1251 instituerunt,
1755 1166 1940 1258 quod
1966 1167 2100 1237 diis
2138 1194 2299 1265 gra-

154 1297 307 1349 tum
334 1294 546 1367 esset,
578 1278 691 1348 ‘vel
718 1277 809 1347 ad
835 1302 981 1348 rem
1012 1278 1391 1373 pertineret
1424 1306 1440 1347 ε
1475 1276 1598 1349 sed
1625 1281 1752 1349 iste
1773 1331 1796 1366 ,
1827 1307 2030 1375 quem
2056 1283 2302 1355 Philo-

156 1395 362 1491 sophi
384 1393 579 1485 quasi
602 1392 895 1462 liberum
923 1393 1232 1463 fe'eerunt
1259 1444 1280 1478 ,
1310 1408 1535 1463 tamen
1568 1396 1732 1487 quia
1760 1394 2040 1465 illustris
2066 1400 2302 1493 populi

154 1516 449 1587 Romani
476 1529 748 1583 senator
782 1530 931 1583 erat
950 1552 973 1598 ·,
1010 1508 1275 1585 colebat
1304 1515 1491 1608 quod
1525 1516 2072 1611 reprehendebat
2089 1569 2108 1603 ,
2139 1546 2304 1614 age-

152 1634 281 1703 bat
312 1630 499 1727 quod
524 1629 855 1725 arguebat
874 1680 895 1715 ‚
930 1630 1119 1722 quod
1154 1630 1472 1725 culpabat
1498 1614 1843 1707 adorabat.

844 1816 967 1903 (3η)τ
982 1832 1043 1871 xt
1064 1854 1079 1883 ,
1115 1817 1179 1870 de
1198 1818 1383 1871 eodem·
1401 1818 1629 1873 Sanum.

264 1954 383 2034 35.
417 1966 549 2034 Hic
580 1966 763 2031 inter
795 1960 961 2030 alias
998 1961 1222 2031 civilis
1255 1950 1616 2060 theologiae
1652 1971 2164 2060 superstitiones
2204 1996 2310 2041 re·-

156 2076 538 2177 prehendit
568 2079 773 2148 etiam
806 2090 1222 2165 sacramenta
1258 2066 1644 2150 Judaeorum
1667 2128 1694 2171 ,
1731 2096 1802 2149 et
1829 2085 2118 2153 maxime
2152 2085 2311 2154 sab-

158 2200 325 2270 bata
366 2224 381 2265 :
418 2180 760 2267 inutiliter
789 2191 866 2262 id
897 2180 1013 2265 eos
1063 2194 1285 2266 faeere
1327 2184 1675 2266 affirmans
1705 2249 1724 2283 ,
1768 2198 1954 2292 quod
1985 2225 2113 2296 per
2152 2202 2308 2274 illos

159 2315 471 2410 singulos
508 2328 767 2407 septem
802 2313 1240 2406 interpositos
1285 2310 1432 2380 dies
1471 2316 1824 2406 septimam
1857 2315 2002 2392 fere
2043 2334 2310 2410 partem

160 2433 383 2503 oe'tatis
417 2453 555 2500 suae
580 2425 877 2524 perdant
898 2413 1199 2498 vacando
1225 2479 1245 2512 ,
1277 2445 1346 2496 et
1370 2429 1581 2497 multa
1615 2431 1689 2497 in
1723 2446 2029 2524 tempore
2055 2458 2311 2528 urgen-

154 2553 261 2621 tia
300 2573 443 2618 non
481 2545 747 2642 agendo
791 2545 1147 2616 laedantur.
1213 2543 1640 2616 Christianos
1687 2563 1913 2617 tamen
1949 2551 2091 2641 jam
2147 2566 2312 2623 tunc

162 2667 423 2739 Judaeis
458 2663 957 2734 inimicissimos
979 2713 999 2749 ,
1042 2663 1119 2731 in
1150 2679 1462 2732 neutram
1485 2678 1749 2757 partem
1789 2688 2312 2740 commemorare

160 2806 373 2852 ausus
410 2793 512 2850 est
553 2806 571 2850 ε
624 2805 714 2850 ne
755 2780 866 2849 vel
912 2766 1220 2849 'laudaret
1260 2793 1496 2848 contra
1545 2801 1680 2848 suae
1727 2783 1966 2873 patriae
2013 2801 2308 2858 veterem

161 2897 731 2968 consuetudinem
760 2946 781 2981 ,
812 2896 923 2967 vel
958 2893 1500 2990 reprehenderet
1527 2910 1764 2964 eontra
1795 2897 2148 2990 propriam
2181 2899 2314 2965 for-

165 3023 349 3091 sitan
383 3022 793 3092 voluntatem
806 3069 820 3086 .

1123 3161 1335 3214 Ibidem.

274 3297 397 3365 36.
422 3297 523 3366 De
542 3295 681 3365 illis
698 3317 861 3364 sane
882 3290 1133 3364 Judaeis
1170 3317 1380 3386 quum
1401 3293 1832 3385 loqueretur,
1852 3298 1950 3366 ait
1973 3322 1989 3365 z
2027 3323 2060 3361 α
2081 3297 2318 3391 Quum

164 3409 451 3479 interim
479 3431 697 3502 usque
738 3432 820 3476 eo
856 3406 1390 3478 sceleratissimae
1436 3409 1659 3502 gentis
1691 3411 2111 3482 consuetudo
2143 3439 2319 3486 con-

160 3528 424 3611 valuit,
458 3543 535 3596 ut
562 3551 688 3622 per
722 3549 955 3595 omnes
980 3525 1121 3620 jam
1156 3541 1376 3595 terras
1407 3541 1682 3621 recepta
1721 3529 1809 3598 sit
1847 3557 1870 3598 ι
1906 3530 2065 3602 victi
2090 3535 2318 3603 victo-

166 3645 374 3717 ribus
404 3645 595 3740 leges
620 3640 1031 3713 dederunt².
1070 3669 1103 3708 s
1148 3642 1532 3713 Mirabatur
1557 3641 1709 3714 haee
1743 3643 2014 3734 dicens,
2057 3664 2126 3718 et
2149 3651 2320 3743 quid

244 3885 293 3918 ι.
328 3865 535 3938 Quibus
583 3885 687 3918 non
728 3867 895 3918 mitur
930 3866 1201 3932 petitorem
1298 3865 1522 3938 perclara
1541 3864 1712 3939 imago
1730 3868 1966 3922 vanitatis
1983 3871 2164 3923 erroris
2185 3871 2320 3944 pris·-

168 3941 421 4011 defiu'sse.
448 3941 601 4014 Erige
623 3941 926 3994 sentemiam
950 3940 1202 4012 jacentem
1300 3942 1383 4004 οἱς
1421 3961 1448 3994 a
1475 3961 1578 4012 quo
1603 3953 1854 4014 quantum
1882 3943 2186 4000 beneficium
2210 3961 2284 4000 est
2302 3986 2318 4015 ,

172 4017 530 4091 interrogandi
558 4032 709 4085 nota,
734 4031 783 4072 et
810 4017 971 4072 scribe
986 4057 1003 4086 ,
1029 4021 1204 4072 mioer.
1302 4019 1441 4096 qnod
1468 4018 1651 4092 eripuit
1671 4039 1764 4072 nos
1785 4021 1970 4075 melior
1991 4022 2075 4076 ine
2097 4025 2236 4077 dens.

172 4100 293 4151 Nee
326 4095 475 4170 plura·
502 4096 569 4150 ad
606 4087 699 4150 bos
734 4097 859 4149 ritus
894 4114 909 4147 ι
942 4096 997 4148 in
1024 4095 1205 4164 quibus
1373 4116 1420 4148 α.
1440 4097 1581 4150 Vecta·
1599 4099 1878 4151 victoribus
1901 4102 2034 4169 leges
2057 4103 2321 4156 dederunt.

431 4196 549 4263 lv.
1986 4197 2076 4264 26
