<?xml version="1.0" encoding="UTF-8"?>
<!DOCTYPE html PUBLIC "-//W3C//DTD XHTML 1.0 Transitional//EN"
    "http://www.w3.org/TR/xhtml1/DTD/xhtml1-transitional.dtd">
<html xmlns="http://www.w3.org/1999/xhtml" xml:lang="en" lang="en">
 <head>
  <title>
</title>
<meta http-equiv="Content-Type" content="text/html;charset=utf-8" />
  <meta name='ocr-system' content='tesseract 3.04.00' />
  <meta name='ocr-capabilities' content='ocr_page ocr_carea ocr_par ocr_line ocrx_word'/>
</head>
<body>
  <div class='ocr_page' id='page_1' title='image "./lannaeisenecaeo04bouigoog_0163.png"; bbox 0 0 2667 4475; ppageno 0'>
   <div class='ocr_carea' id='block_1_1' title="bbox 267 2085 302 2137">
    <p class='ocr_par' dir='ltr' id='par_1_1' title="bbox 267 2085 302 2137">
     <span class='ocr_line' id='line_1_1' title="bbox 267 2085 302 2137; baseline 0 0"><span class='ocrx_word' id='word_1_1' title='bbox 267 2085 302 2137; x_wconf 83' lang='lat'>9</span> 
     </span>
    </p>
   </div>
   <div class='ocr_carea' id='block_1_2' title="bbox 231 3020 294 3056">
    <p class='ocr_par' dir='ltr' id='par_1_2' title="bbox 231 3020 294 3056">
     <span class='ocr_line' id='line_1_2' title="bbox 231 3020 294 3056; baseline 0.063 -4"><span class='ocrx_word' id='word_1_2' title='bbox 231 3020 294 3056; x_wconf 82' lang='lat'><strong>10</strong></span> 
     </span>
    </p>
   </div>
   <div class='ocr_carea' id='block_1_3' title="bbox 351 272 2539 2258">
    <p class='ocr_par' dir='ltr' id='par_1_3' title="bbox 391 272 1931 369">
     <span class='ocr_line' id='line_1_3' title="bbox 391 272 1931 369; baseline -0.003 0"><span class='ocrx_word' id='word_1_3' title='bbox 391 304 511 369; x_wconf 74' lang='lat'><strong>152</strong></span> <span class='ocrx_word' id='word_1_4' title='bbox 711 286 728 303; x_wconf 83' lang='lat'>‘</span> <span class='ocrx_word' id='word_1_5' title='bbox 965 304 1046 367; x_wconf 88' lang='lat' dir='ltr'><strong>L.</strong></span> <span class='ocrx_word' id='word_1_6' title='bbox 1098 272 1455 366; x_wconf 77' lang='lat' dir='ltr'><strong>ANNAEI</strong></span> <span class='ocrx_word' id='word_1_7' title='bbox 1502 296 1931 368; x_wconf 63' lang='lat' dir='ltr'><strong>SENECAE</strong></span> 
     </span>
    </p>

    <p class='ocr_par' dir='ltr' id='par_1_4' title="bbox 351 424 2539 2258">
     <span class='ocr_line' id='line_1_4' title="bbox 373 424 2537 519; baseline -0.001 -20"><span class='ocrx_word' id='word_1_8' title='bbox 373 429 672 515; x_wconf 86' lang='lat' dir='ltr'>Deinde,</span> <span class='ocrx_word' id='word_1_9' title='bbox 698 424 1028 496; x_wconf 90' lang='lat' dir='ltr'><strong>desiderii</strong></span> <span class='ocrx_word' id='word_1_10' title='bbox 1055 424 1259 495; x_wconf 79' lang='lat' dir='ltr'><strong>stulta</strong></span> <span class='ocrx_word' id='word_1_11' title='bbox 1283 427 1683 519; x_wconf 73' lang='lat' dir='ltr'><strong>conquestio</strong></span> <span class='ocrx_word' id='word_1_12' title='bbox 1708 442 1812 495; x_wconf 88' lang='lat' dir='ltr'><strong>est</strong></span> <span class='ocrx_word' id='word_1_13' title='bbox 1830 475 1852 511; x_wconf 88' lang='lat'><strong>,</strong></span> <span class='ocrx_word' id='word_1_14' title='bbox 1884 424 2005 494; x_wconf 87' lang='lat' dir='ltr'><strong>ubi</strong></span> <span class='ocrx_word' id='word_1_15' title='bbox 2034 426 2391 497; x_wconf 87' lang='lat' dir='ltr'><strong>minimum</strong></span> <span class='ocrx_word' id='word_1_16' title='bbox 2414 429 2537 497; x_wconf 85' lang='lat' dir='ltr'><strong>in-</strong></span> 
     </span>
     <span class='ocr_line' id='line_1_5' title="bbox 369 538 2535 635; baseline -0 -23"><span class='ocrx_word' id='word_1_17' title='bbox 369 560 583 613; x_wconf 85' lang='lat' dir='ltr'><strong>terest</strong></span> <span class='ocrx_word' id='word_1_18' title='bbox 615 545 796 613; x_wconf 83' lang='lat' dir='ltr'><strong>inter</strong></span> <span class='ocrx_word' id='word_1_19' title='bbox 821 544 1140 611; x_wconf 88' lang='lat' dir='ltr'><strong>amissum</strong></span> <span class='ocrx_word' id='word_1_20' title='bbox 1169 558 1240 611; x_wconf 87' lang='lat' dir='ltr'><strong>et</strong></span> <span class='ocrx_word' id='word_1_21' title='bbox 1263 538 1767 613; x_wconf 76' lang='lat' dir='ltr'><strong>desiderantem</strong></span> <span class='ocrx_word' id='word_1_22' title='bbox 1802 568 1818 611; x_wconf 93' lang='lat'>:</span> <span class='ocrx_word' id='word_1_23' title='bbox 1852 566 1933 611; x_wconf 90' lang='lat' dir='ltr'><strong>eo</strong></span> <span class='ocrx_word' id='word_1_24' title='bbox 1962 542 2195 635; x_wconf 83' lang='lat' dir='ltr'><strong>itaque</strong></span> <span class='ocrx_word' id='word_1_25' title='bbox 2221 544 2535 635; x_wconf 85' lang='lat' dir='ltr'><strong>aequiore</strong></span> 
     </span>
     <span class='ocr_line' id='line_1_6' title="bbox 368 655 2527 750; baseline 0 -23"><span class='ocrx_word' id='word_1_26' title='bbox 368 662 596 727; x_wconf 89' lang='lat' dir='ltr'><strong>animo</strong></span> <span class='ocrx_word' id='word_1_27' title='bbox 633 682 780 728; x_wconf 88' lang='lat' dir='ltr'><strong>esse</strong></span> <span class='ocrx_word' id='word_1_28' title='bbox 815 655 1140 725; x_wconf 88' lang='lat' dir='ltr'><strong>debemus</strong></span> <span class='ocrx_word' id='word_1_29' title='bbox 1163 706 1183 741; x_wconf 86' lang='lat'><strong>,</strong></span> <span class='ocrx_word' id='word_1_30' title='bbox 1225 655 1414 750; x_wconf 89' lang='lat' dir='ltr'><strong>quod</strong></span> <span class='ocrx_word' id='word_1_31' title='bbox 1434 705 1453 741; x_wconf 90' lang='lat'>,</span> <span class='ocrx_word' id='word_1_32' title='bbox 1494 681 1667 750; x_wconf 86' lang='lat' dir='ltr'><strong>quos</strong></span> <span class='ocrx_word' id='word_1_33' title='bbox 1702 658 2088 739; x_wconf 86' lang='lat' dir='ltr'><strong>amisimus,</strong></span> <span class='ocrx_word' id='word_1_34' title='bbox 2134 658 2527 749; x_wconf 74' lang='lat' dir='ltr'><strong>sequimur.</strong></span> 
     </span>
     <span class='ocr_line' id='line_1_7' title="bbox 365 772 2539 871; baseline -0.002 -26"><span class='ocrx_word' id='word_1_35' title='bbox 365 777 656 871; x_wconf 88' lang='lat' dir='ltr'><strong>Respice</strong></span> <span class='ocrx_word' id='word_1_36' title='bbox 689 776 1107 845; x_wconf 81' lang='lat' dir='ltr'><strong>celeritatem</strong></span> <span class='ocrx_word' id='word_1_37' title='bbox 1143 772 1555 868; x_wconf 71' lang='lat' dir='ltr'><strong>rapidissimi</strong></span> <span class='ocrx_word' id='word_1_38' title='bbox 1604 774 1975 868; x_wconf 81' lang='lat' dir='ltr'><strong>temporis3</strong></span> <span class='ocrx_word' id='word_1_39' title='bbox 2016 774 2241 866; x_wconf 80' lang='lat' dir='ltr'><strong>cogita</strong></span> <span class='ocrx_word' id='word_1_40' title='bbox 2272 772 2539 842; x_wconf 77' lang='lat' dir='ltr'><strong>brevi-</strong></span> 
     </span>
     <span class='ocr_line' id='line_1_8' title="bbox 363 886 2537 985; baseline -0.001 -26"><span class='ocrx_word' id='word_1_41' title='bbox 363 907 570 961; x_wconf 76' lang='lat' dir='ltr'><strong>tatem</strong></span> <span class='ocrx_word' id='word_1_42' title='bbox 611 892 820 984; x_wconf 86' lang='lat' dir='ltr'><strong>hujus</strong></span> <span class='ocrx_word' id='word_1_43' title='bbox 863 891 1103 985; x_wconf 88' lang='lat' dir='ltr'><strong>spatii,</strong></span> <span class='ocrx_word' id='word_1_44' title='bbox 1145 914 1274 983; x_wconf 89' lang='lat' dir='ltr'><strong>per</strong></span> <span class='ocrx_word' id='word_1_45' title='bbox 1311 886 1501 984; x_wconf 90' lang='lat' dir='ltr'><strong>quod</strong></span> <span class='ocrx_word' id='word_1_46' title='bbox 1533 886 1917 959; x_wconf 80' lang='lat' dir='ltr'><strong>citatissimi</strong></span> <span class='ocrx_word' id='word_1_47' title='bbox 1964 889 2340 977; x_wconf 80' lang='lat' dir='ltr'><strong>currimus3</strong></span> <span class='ocrx_word' id='word_1_48' title='bbox 2378 888 2537 957; x_wconf 90' lang='lat' dir='ltr'><strong>ob-</strong></span> 
     </span>
     <span class='ocr_line' id='line_1_9' title="bbox 363 1000 2528 1101; baseline -0.001 -26"><span class='ocrx_word' id='word_1_49' title='bbox 363 1031 557 1077; x_wconf 85' lang='lat' dir='ltr'><strong>serva</strong></span> <span class='ocrx_word' id='word_1_50' title='bbox 582 1007 769 1076; x_wconf 89' lang='lat' dir='ltr'><strong>hunc</strong></span> <span class='ocrx_word' id='word_1_51' title='bbox 797 1008 1186 1076; x_wconf 88' lang='lat' dir='ltr'><strong>comitatum</strong></span> <span class='ocrx_word' id='word_1_52' title='bbox 1217 1006 1493 1101; x_wconf 81' lang='lat' dir='ltr'><strong>generis</strong></span> <span class='ocrx_word' id='word_1_53' title='bbox 1522 1004 1841 1087; x_wconf 87' lang='lat' dir='ltr'><strong>humani,</strong></span> <span class='ocrx_word' id='word_1_54' title='bbox 1875 1003 2115 1074; x_wconf 89' lang='lat' dir='ltr'><strong>eodem</strong></span> <span class='ocrx_word' id='word_1_55' title='bbox 2140 1000 2528 1087; x_wconf 84' lang='lat' dir='ltr'><strong>tendentis,</strong></span> 
     </span>
     <span class='ocr_line' id='line_1_10' title="bbox 359 1119 2533 1203; baseline -0.001 -12"><span class='ocrx_word' id='word_1_56' title='bbox 359 1124 658 1191; x_wconf 88' lang='lat' dir='ltr'><strong>minimis</strong></span> <span class='ocrx_word' id='word_1_57' title='bbox 693 1122 1071 1192; x_wconf 79' lang='lat' dir='ltr'><strong>intervallis</strong></span> <span class='ocrx_word' id='word_1_58' title='bbox 1099 1120 1497 1195; x_wconf 84' lang='lat' dir='ltr'><strong>distinctum</strong></span> <span class='ocrx_word' id='word_1_59' title='bbox 1514 1171 1531 1203; x_wconf 93' lang='lat'>,</span> <span class='ocrx_word' id='word_1_60' title='bbox 1566 1122 1773 1191; x_wconf 86' lang='lat' dir='ltr'><strong>etiam</strong></span> <span class='ocrx_word' id='word_1_61' title='bbox 1800 1120 1923 1191; x_wconf 86' lang='lat' dir='ltr'><strong>ubi</strong></span> <span class='ocrx_word' id='word_1_62' title='bbox 1950 1121 2235 1189; x_wconf 83' lang='lat' dir='ltr'><strong>maxima</strong></span> <span class='ocrx_word' id='word_1_63' title='bbox 2260 1119 2533 1189; x_wconf 80' lang='lat' dir='ltr'><strong>viden-</strong></span> 
     </span>
     <span class='ocr_line' id='line_1_11' title="bbox 359 1234 2533 1333; baseline 0 -28"><span class='ocrx_word' id='word_1_64' title='bbox 359 1254 474 1305; x_wconf 91' lang='lat' dir='ltr'><strong>tur</strong></span> <span class='ocrx_word' id='word_1_65' title='bbox 504 1264 520 1303; x_wconf 90' lang='lat'>:</span> <span class='ocrx_word' id='word_1_66' title='bbox 552 1262 758 1330; x_wconf 88' lang='lat' dir='ltr'><strong>quem</strong></span> <span class='ocrx_word' id='word_1_67' title='bbox 781 1255 981 1333; x_wconf 88' lang='lat' dir='ltr'><strong>putas</strong></span> <span class='ocrx_word' id='word_1_68' title='bbox 1005 1240 1305 1333; x_wconf 88' lang='lat' dir='ltr'><strong>perisse,</strong></span> <span class='ocrx_word' id='word_1_69' title='bbox 1340 1238 1728 1331; x_wconf 82' lang='lat' dir='ltr'><strong>praemissus</strong></span> <span class='ocrx_word' id='word_1_70' title='bbox 1758 1252 1885 1305; x_wconf 87' lang='lat' dir='ltr'><strong>est.</strong></span> <span class='ocrx_word' id='word_1_71' title='bbox 1920 1235 2117 1331; x_wconf 89' lang='lat' dir='ltr'><strong>Quid</strong></span> <span class='ocrx_word' id='word_1_72' title='bbox 2134 1252 2357 1305; x_wconf 89' lang='lat' dir='ltr'><strong>autem</strong></span> <span class='ocrx_word' id='word_1_73' title='bbox 2388 1234 2533 1305; x_wconf 89' lang='lat' dir='ltr'><strong>de-</strong></span> 
     </span>
     <span class='ocr_line' id='line_1_12' title="bbox 356 1350 2523 1448; baseline -0.001 -27"><span class='ocrx_word' id='word_1_74' title='bbox 356 1354 693 1439; x_wconf 88' lang='lat' dir='ltr'><strong>mentius,</strong></span> <span class='ocrx_word' id='word_1_75' title='bbox 736 1377 938 1447; x_wconf 84' lang='lat' dir='ltr'><strong>quam</strong></span> <span class='ocrx_word' id='word_1_76' title='bbox 961 1405 982 1439; x_wconf 89' lang='lat'><strong>,</strong></span> <span class='ocrx_word' id='word_1_77' title='bbox 1026 1380 1238 1448; x_wconf 88' lang='lat' dir='ltr'><strong>quum</strong></span> <span class='ocrx_word' id='word_1_78' title='bbox 1289 1354 1476 1423; x_wconf 89' lang='lat' dir='ltr'><strong>idem</strong></span> <span class='ocrx_word' id='word_1_79' title='bbox 1526 1352 1653 1421; x_wconf 82' lang='lat' dir='ltr'><strong>tihi</strong></span> <span class='ocrx_word' id='word_1_80' title='bbox 1700 1354 1834 1422; x_wconf 86' lang='lat' dir='ltr'><strong>iter</strong></span> <span class='ocrx_word' id='word_1_81' title='bbox 1868 1350 2325 1421; x_wconf 86' lang='lat' dir='ltr'><strong>emetiendum</strong></span> <span class='ocrx_word' id='word_1_82' title='bbox 2358 1353 2469 1419; x_wconf 83' lang='lat' dir='ltr'><strong>sit</strong></span> <span class='ocrx_word' id='word_1_83' title='bbox 2499 1403 2523 1436; x_wconf 92' lang='lat'>,</span> 
     </span>
     <span class='ocr_line' id='line_1_13' title="bbox 355 1466 2530 1564; baseline 0 -27"><span class='ocrx_word' id='word_1_84' title='bbox 355 1470 523 1538; x_wconf 88' lang='lat' dir='ltr'><strong>flere</strong></span> <span class='ocrx_word' id='word_1_85' title='bbox 552 1493 707 1539; x_wconf 89' lang='lat' dir='ltr'><strong>eum</strong></span> <span class='ocrx_word' id='word_1_86' title='bbox 727 1521 745 1554; x_wconf 88' lang='lat'><strong>,</strong></span> <span class='ocrx_word' id='word_1_87' title='bbox 776 1472 895 1564; x_wconf 90' lang='lat' dir='ltr'><strong>qui</strong></span> <span class='ocrx_word' id='word_1_88' title='bbox 925 1472 1292 1539; x_wconf 80' lang='lat' dir='ltr'><strong>antecessit</strong></span> <span class='ocrx_word' id='word_1_89' title='bbox 1313 1471 1347 1539; x_wconf 68' lang='lat' dir='ltr'><strong>P</strong></span> <span class='ocrx_word' id='word_1_90' title='bbox 1368 1469 1525 1538; x_wconf 87' lang='lat' dir='ltr'><strong>Flet</strong></span> <span class='ocrx_word' id='word_1_91' title='bbox 1554 1468 1804 1560; x_wconf 86' lang='lat' dir='ltr'><strong>aliquis</strong></span> <span class='ocrx_word' id='word_1_92' title='bbox 1828 1469 2085 1537; x_wconf 82' lang='lat' dir='ltr'><strong>factum</strong></span> <span class='ocrx_word' id='word_1_93' title='bbox 2102 1518 2121 1551; x_wconf 92' lang='lat'>,</span> <span class='ocrx_word' id='word_1_94' title='bbox 2158 1466 2339 1560; x_wconf 89' lang='lat' dir='ltr'><strong>quod</strong></span> <span class='ocrx_word' id='word_1_95' title='bbox 2364 1491 2530 1537; x_wconf 85' lang='lat' dir='ltr'><strong>non</strong></span> 
     </span>
     <span class='ocr_line' id='line_1_14' title="bbox 353 1584 2529 1679; baseline -0 -26"><span class='ocrx_word' id='word_1_96' title='bbox 353 1586 702 1679; x_wconf 81' lang='lat' dir='ltr'><strong>ignoravit</strong></span> <span class='ocrx_word' id='word_1_97' title='bbox 730 1586 1084 1656; x_wconf 79' lang='lat' dir='ltr'><strong>futurum?</strong></span> <span class='ocrx_word' id='word_1_98' title='bbox 1119 1602 1238 1657; x_wconf 86' lang='lat' dir='ltr'><strong>aut</strong></span> <span class='ocrx_word' id='word_1_99' title='bbox 1255 1636 1280 1673; x_wconf 86' lang='lat'><strong><em>,</em></strong></span> <span class='ocrx_word' id='word_1_100' title='bbox 1315 1587 1374 1653; x_wconf 89' lang='lat' dir='ltr'><strong>si</strong></span> <span class='ocrx_word' id='word_1_101' title='bbox 1406 1600 1695 1655; x_wconf 88' lang='lat' dir='ltr'><strong>mortem</strong></span> <span class='ocrx_word' id='word_1_102' title='bbox 1725 1588 1800 1654; x_wconf 92' lang='lat' dir='ltr'><strong>in</strong></span> <span class='ocrx_word' id='word_1_103' title='bbox 1830 1584 2109 1653; x_wconf 89' lang='lat' dir='ltr'><strong>homine</strong></span> <span class='ocrx_word' id='word_1_104' title='bbox 2140 1608 2279 1653; x_wconf 88' lang='lat' dir='ltr'><strong>non</strong></span> <span class='ocrx_word' id='word_1_105' title='bbox 2308 1587 2529 1679; x_wconf 80' lang='lat' dir='ltr'><strong>cogi-</strong></span> 
     </span>
     <span class='ocr_line' id='line_1_15' title="bbox 351 1701 2529 1797; baseline 0.001 -28"><span class='ocrx_word' id='word_1_106' title='bbox 351 1704 558 1785; x_wconf 79' lang='lat' dir='ltr'><strong>tavit,</strong></span> <span class='ocrx_word' id='word_1_107' title='bbox 609 1703 739 1771; x_wconf 90' lang='lat' dir='ltr'><strong>sibi</strong></span> <span class='ocrx_word' id='word_1_108' title='bbox 787 1704 1114 1797; x_wconf 87' lang='lat' dir='ltr'><strong>imposuit</strong></span> <span class='ocrx_word' id='word_1_109' title='bbox 1135 1709 1152 1738; x_wconf 87' lang='lat'>¹</span> <span class='ocrx_word' id='word_1_110' title='bbox 1171 1754 1188 1769; x_wconf 90' lang='lat'><strong>.</strong></span> <span class='ocrx_word' id='word_1_111' title='bbox 1236 1702 1395 1771; x_wconf 89' lang='lat' dir='ltr'><strong>Flet</strong></span> <span class='ocrx_word' id='word_1_112' title='bbox 1435 1701 1685 1794; x_wconf 86' lang='lat' dir='ltr'><strong>aliquis</strong></span> <span class='ocrx_word' id='word_1_113' title='bbox 1722 1702 1973 1771; x_wconf 82' lang='lat' dir='ltr'><strong>factum</strong></span> <span class='ocrx_word' id='word_1_114' title='bbox 1989 1752 2015 1788; x_wconf 89' lang='lat'>‚</span> <span class='ocrx_word' id='word_1_115' title='bbox 2058 1701 2245 1797; x_wconf 91' lang='lat' dir='ltr'><strong>quod</strong></span> <span class='ocrx_word' id='word_1_116' title='bbox 2278 1701 2529 1772; x_wconf 80' lang='lat' dir='ltr'><strong>aiebat</strong></span> 
     </span>
     <span class='ocr_line' id='line_1_16' title="bbox 351 1816 2523 1911; baseline 0.002 -28"><span class='ocrx_word' id='word_1_117' title='bbox 351 1841 492 1885; x_wconf 89' lang='lat' dir='ltr'><strong>non</strong></span> <span class='ocrx_word' id='word_1_118' title='bbox 525 1840 722 1910; x_wconf 91' lang='lat' dir='ltr'><strong>posse</strong></span> <span class='ocrx_word' id='word_1_119' title='bbox 752 1842 890 1887; x_wconf 91' lang='lat' dir='ltr'><strong>non</strong></span> <span class='ocrx_word' id='word_1_120' title='bbox 916 1818 1069 1892; x_wconf 83' lang='lat' dir='ltr'><strong>fieri</strong></span> <span class='ocrx_word' id='word_1_121' title='bbox 1089 1819 1118 1886; x_wconf 76' lang='lat'><strong>,³</strong></span> <span class='ocrx_word' id='word_1_122' title='bbox 1140 1817 1474 1911; x_wconf 86' lang='lat' dir='ltr'><strong>Quisquis</strong></span> <span class='ocrx_word' id='word_1_123' title='bbox 1499 1816 1796 1909; x_wconf 75' lang='lat' dir='ltr'><strong>aliquem</strong></span> <span class='ocrx_word' id='word_1_124' title='bbox 1826 1819 2140 1911; x_wconf 87' lang='lat' dir='ltr'><strong>queritur</strong></span> <span class='ocrx_word' id='word_1_125' title='bbox 2164 1832 2523 1887; x_wconf 84' lang='lat' dir='ltr'><strong>mortuum</strong></span> 
     </span>
     <span class='ocr_line' id='line_1_17' title="bbox 353 1928 2523 2024; baseline 0.003 -26"><span class='ocrx_word' id='word_1_126' title='bbox 353 1954 502 1999; x_wconf 85' lang='lat' dir='ltr'><strong>esse</strong></span> <span class='ocrx_word' id='word_1_127' title='bbox 523 1981 543 2016; x_wconf 90' lang='lat'>‚</span> <span class='ocrx_word' id='word_1_128' title='bbox 591 1934 908 2024; x_wconf 85' lang='lat' dir='ltr'><strong>queritur</strong></span> <span class='ocrx_word' id='word_1_129' title='bbox 952 1928 1300 2003; x_wconf 86' lang='lat' dir='ltr'><strong>hominem</strong></span> <span class='ocrx_word' id='word_1_130' title='bbox 1344 1932 1578 2000; x_wconf 83' lang='lat' dir='ltr'><strong>fuisse.</strong></span> <span class='ocrx_word' id='word_1_131' title='bbox 1628 1933 1885 2007; x_wconf 86' lang='lat' dir='ltr'><strong>Omnes</strong></span> <span class='ocrx_word' id='word_1_132' title='bbox 1929 1931 2167 2001; x_wconf 88' lang='lat' dir='ltr'><strong>eadem</strong></span> <span class='ocrx_word' id='word_1_133' title='bbox 2204 1928 2523 2004; x_wconf 86' lang='lat' dir='ltr'><strong>conditio</strong></span> 
     </span>
     <span class='ocr_line' id='line_1_18' title="bbox 355 2042 2521 2138; baseline 0.001 -25"><span class='ocrx_word' id='word_1_134' title='bbox 355 2042 660 2122; x_wconf 70' lang='lat' dir='ltr'><strong>devinxit</strong></span> <span class='ocrx_word' id='word_1_135' title='bbox 690 2069 708 2113; x_wconf 74' lang='grc' dir='ltr'>ι</span> <span class='ocrx_word' id='word_1_136' title='bbox 739 2046 851 2123; x_wconf 84' lang='lat' dir='ltr'><strong>cui</strong></span> <span class='ocrx_word' id='word_1_137' title='bbox 881 2046 1068 2113; x_wconf 86' lang='lat' dir='ltr'><strong>nasci</strong></span> <span class='ocrx_word' id='word_1_138' title='bbox 1101 2046 1431 2138; x_wconf 75' lang='lat' dir='ltr'><strong>contigit,</strong></span> <span class='ocrx_word' id='word_1_139' title='bbox 1470 2048 1645 2113; x_wconf 90' lang='lat' dir='ltr'><strong>mori</strong></span> <span class='ocrx_word' id='word_1_140' title='bbox 1680 2062 1909 2114; x_wconf 82' lang='lat' dir='ltr'><strong>restat.</strong></span> <span class='ocrx_word' id='word_1_141' title='bbox 1943 2044 2324 2115; x_wconf 81' lang='lat' dir='ltr'><strong>Intervallis</strong></span> <span class='ocrx_word' id='word_1_142' title='bbox 2352 2044 2521 2116; x_wconf 80' lang='lat' dir='ltr'><strong>dis·</strong></span> 
     </span>
     <span class='ocr_line' id='line_1_19' title="bbox 352 2160 2517 2258; baseline 0.003 -31"><span class='ocrx_word' id='word_1_143' title='bbox 352 2160 758 2254; x_wconf 80' lang='lat' dir='ltr'><strong>tinguimur‚</strong></span> <span class='ocrx_word' id='word_1_144' title='bbox 785 2162 972 2229; x_wconf 86' lang='lat' dir='ltr'><strong>exitu</strong></span> <span class='ocrx_word' id='word_1_145' title='bbox 989 2184 1364 2254; x_wconf 68' lang='lat' dir='ltr'><strong>sequamur.</strong></span> <span class='ocrx_word' id='word_1_146' title='bbox 1388 2162 1559 2246; x_wconf 87' lang='lat' dir='ltr'><strong>Hoc,</strong></span> <span class='ocrx_word' id='word_1_147' title='bbox 1584 2160 1771 2255; x_wconf 90' lang='lat' dir='ltr'><strong>quod</strong></span> <span class='ocrx_word' id='word_1_148' title='bbox 1788 2162 1973 2238; x_wconf 86' lang='lat' dir='ltr'><strong>inter</strong></span> <span class='ocrx_word' id='word_1_149' title='bbox 1992 2164 2288 2258; x_wconf 88' lang='lat' dir='ltr'><strong>primum</strong></span> <span class='ocrx_word' id='word_1_150' title='bbox 2313 2160 2517 2233; x_wconf 88' lang='lat' dir='ltr'><strong>diem</strong></span> 
     </span>
    </p>
   </div>
   <div class='ocr_carea' id='block_1_4' title="bbox 323 2277 2514 2372">
    <p class='ocr_par' dir='ltr' id='par_1_5' title="bbox 323 2277 2514 2372">
     <span class='ocr_line' id='line_1_20' title="bbox 323 2277 2514 2372; baseline 0.003 -28"><span class='ocrx_word' id='word_1_151' title='bbox 323 2292 420 2345; x_wconf 86' lang='lat' dir='ltr'><strong>·et</strong></span> <span class='ocrx_word' id='word_1_152' title='bbox 461 2277 773 2347; x_wconf 84' lang='lat' dir='ltr'><strong>ultimum</strong></span> <span class='ocrx_word' id='word_1_153' title='bbox 800 2278 986 2371; x_wconf 87' lang='lat' dir='ltr'><strong>jacet</strong></span> <span class='ocrx_word' id='word_1_154' title='bbox 1006 2327 1026 2360; x_wconf 89' lang='lat'>‚</span> <span class='ocrx_word' id='word_1_155' title='bbox 1067 2279 1335 2348; x_wconf 82' lang='lat' dir='ltr'><strong>varium</strong></span> <span class='ocrx_word' id='word_1_156' title='bbox 1370 2279 1847 2372; x_wconf 77' lang='lat' dir='ltr'><strong>incertumque</strong></span> <span class='ocrx_word' id='word_1_157' title='bbox 1886 2296 1989 2348; x_wconf 88' lang='lat' dir='ltr'><strong>est</strong></span> <span class='ocrx_word' id='word_1_158' title='bbox 2022 2305 2039 2348; x_wconf 76' lang='lat' dir='ltr'><strong><em>z</em></strong></span> <span class='ocrx_word' id='word_1_159' title='bbox 2070 2281 2129 2348; x_wconf 86' lang='lat' dir='ltr'><strong>si</strong></span> <span class='ocrx_word' id='word_1_160' title='bbox 2162 2279 2514 2351; x_wconf 83' lang='lat' dir='ltr'><strong>molestias</strong></span> 
     </span>
    </p>
   </div>
   <div class='ocr_carea' id='block_1_5' title="bbox 344 2394 2511 2722">
    <p class='ocr_par' dir='ltr' id='par_1_6' title="bbox 344 2394 2511 2722">
     <span class='ocr_line' id='line_1_21' title="bbox 346 2394 2511 2490; baseline 0.002 -27"><span class='ocrx_word' id='word_1_161' title='bbox 346 2396 668 2483; x_wconf 58' lang='lat' dir='ltr'><strong>aestimas,</strong></span> <span class='ocrx_word' id='word_1_162' title='bbox 701 2397 906 2464; x_wconf 84' lang='lat' dir='ltr'><strong>etiam</strong></span> <span class='ocrx_word' id='word_1_163' title='bbox 934 2419 1150 2489; x_wconf 88' lang='lat' dir='ltr'><strong>puero</strong></span> <span class='ocrx_word' id='word_1_164' title='bbox 1179 2394 1503 2490; x_wconf 81' lang='lat' dir='ltr'><strong>longum3</strong></span> <span class='ocrx_word' id='word_1_165' title='bbox 1532 2397 1592 2465; x_wconf 92' lang='lat' dir='ltr'><strong>si</strong></span> <span class='ocrx_word' id='word_1_166' title='bbox 1618 2397 2041 2468; x_wconf 87' lang='lat' dir='ltr'><strong>velocitatem</strong></span> <span class='ocrx_word' id='word_1_167' title='bbox 2060 2446 2079 2479; x_wconf 89' lang='lat'><strong>,</strong></span> <span class='ocrx_word' id='word_1_168' title='bbox 2112 2397 2317 2474; x_wconf 83' lang='lat' dir='ltr'><strong>etiam</strong></span> <span class='ocrx_word' id='word_1_169' title='bbox 2346 2402 2511 2467; x_wconf 86' lang='lat' dir='ltr'><strong>seni</strong></span> 
     </span>
     <span class='ocr_line' id='line_1_22' title="bbox 344 2510 2511 2606; baseline 0.002 -26"><span class='ocrx_word' id='word_1_170' title='bbox 344 2529 733 2606; x_wconf 81' lang='lat' dir='ltr'><strong>angustum.</strong></span> <span class='ocrx_word' id='word_1_171' title='bbox 776 2511 967 2580; x_wconf 89' lang='lat' dir='ltr'><strong>Nihil</strong></span> <span class='ocrx_word' id='word_1_172' title='bbox 1005 2535 1145 2580; x_wconf 88' lang='lat' dir='ltr'><strong>non</strong></span> <span class='ocrx_word' id='word_1_173' title='bbox 1182 2510 1525 2582; x_wconf 91' lang='lat' dir='ltr'><strong>lubricum</strong></span> <span class='ocrx_word' id='word_1_174' title='bbox 1564 2529 1635 2581; x_wconf 90' lang='lat' dir='ltr'><strong>et</strong></span> <span class='ocrx_word' id='word_1_175' title='bbox 1678 2511 1881 2582; x_wconf 83' lang='lat' dir='ltr'><strong>fallax</strong></span> <span class='ocrx_word' id='word_1_176' title='bbox 1904 2563 1923 2595; x_wconf 88' lang='lat'>,</span> <span class='ocrx_word' id='word_1_177' title='bbox 1971 2526 2043 2582; x_wconf 88' lang='lat' dir='ltr'><strong>et</strong></span> <span class='ocrx_word' id='word_1_178' title='bbox 2091 2514 2273 2582; x_wconf 89' lang='lat' dir='ltr'><strong>omni</strong></span> <span class='ocrx_word' id='word_1_179' title='bbox 2317 2530 2511 2584; x_wconf 85' lang='lat' dir='ltr'><strong>tem-</strong></span> 
     </span>
     <span class='ocr_line' id='line_1_23' title="bbox 344 2628 2507 2722; baseline 0.003 -26"><span class='ocrx_word' id='word_1_180' title='bbox 344 2643 606 2722; x_wconf 86' lang='lat' dir='ltr'><strong>pestate</strong></span> <span class='ocrx_word' id='word_1_181' title='bbox 661 2628 1006 2696; x_wconf 86' lang='lat' dir='ltr'><strong>mobilius.</strong></span> <span class='ocrx_word' id='word_1_182' title='bbox 1063 2630 1416 2698; x_wconf 85' lang='lat' dir='ltr'><strong>Jactantur</strong></span> <span class='ocrx_word' id='word_1_183' title='bbox 1471 2645 1715 2698; x_wconf 86' lang='lat' dir='ltr'><strong>cuncta</strong></span> <span class='ocrx_word' id='word_1_184' title='bbox 1735 2680 1755 2712; x_wconf 91' lang='lat'><strong>,</strong></span> <span class='ocrx_word' id='word_1_185' title='bbox 1816 2647 1889 2698; x_wconf 90' lang='lat' dir='ltr'><strong>et</strong></span> <span class='ocrx_word' id='word_1_186' title='bbox 1944 2631 2021 2702; x_wconf 92' lang='lat' dir='ltr'><strong>in</strong></span> <span class='ocrx_word' id='word_1_187' title='bbox 2079 2633 2507 2702; x_wconf 85' lang='lat' dir='ltr'><strong>contrarium</strong></span> 
     </span>
    </p>
   </div>
   <div class='ocr_carea' id='block_1_6' title="bbox 335 2740 2507 3772">
    <p class='ocr_par' dir='ltr' id='par_1_7' title="bbox 341 2740 2507 3188">
     <span class='ocr_line' id='line_1_24' title="bbox 345 2740 2507 2840; baseline 0.004 -29"><span class='ocrx_word' id='word_1_188' title='bbox 345 2760 742 2832; x_wconf 86' lang='lat' dir='ltr'><strong>transeunt,</strong></span> <span class='ocrx_word' id='word_1_189' title='bbox 781 2740 1060 2840; x_wconf 72' lang='lat' dir='ltr'><strong>jubente</strong></span> <span class='ocrx_word' id='word_1_190' title='bbox 1097 2744 1375 2814; x_wconf 83' lang='lat' dir='ltr'><strong>fortuna</strong></span> <span class='ocrx_word' id='word_1_191' title='bbox 1418 2769 1441 2824; x_wconf 74' lang='grc' dir='ltr'><strong>ε,</strong></span> <span class='ocrx_word' id='word_1_192' title='bbox 1479 2761 1552 2814; x_wconf 90' lang='lat' dir='ltr'><strong>et</strong></span> <span class='ocrx_word' id='word_1_193' title='bbox 1588 2746 1662 2820; x_wconf 88' lang='lat' dir='ltr'><strong>in</strong></span> <span class='ocrx_word' id='word_1_194' title='bbox 1699 2761 1887 2815; x_wconf 88' lang='lat' dir='ltr'><strong>tanta</strong></span> <span class='ocrx_word' id='word_1_195' title='bbox 1923 2747 2337 2817; x_wconf 84' lang='lat' dir='ltr'><strong>volutatione</strong></span> <span class='ocrx_word' id='word_1_196' title='bbox 2374 2774 2507 2820; x_wconf 89' lang='lat' dir='ltr'><strong>re—</strong></span> 
     </span>
     <span class='ocr_line' id='line_1_25' title="bbox 345 2858 2499 2950; baseline 0.004 -24"><span class='ocrx_word' id='word_1_197' title='bbox 345 2883 500 2927; x_wconf 88' lang='lat' dir='ltr'><strong>rum</strong></span> <span class='ocrx_word' id='word_1_198' title='bbox 531 2859 982 2926; x_wconf 88' lang='lat' dir='ltr'><strong>humanarum</strong></span> <span class='ocrx_word' id='word_1_199' title='bbox 1015 2858 1195 2927; x_wconf 91' lang='lat' dir='ltr'><strong>nihil</strong></span> <span class='ocrx_word' id='word_1_200' title='bbox 1230 2860 1549 2950; x_wconf 88' lang='lat' dir='ltr'><strong>cuiquam</strong></span> <span class='ocrx_word' id='word_1_201' title='bbox 1570 2911 1590 2943; x_wconf 92' lang='lat'><strong>,</strong></span> <span class='ocrx_word' id='word_1_202' title='bbox 1632 2863 1768 2930; x_wconf 90' lang='lat' dir='ltr'><strong>nisi</strong></span> <span class='ocrx_word' id='word_1_203' title='bbox 1802 2887 2025 2948; x_wconf 87' lang='lat' dir='ltr'><strong>mors,</strong></span> <span class='ocrx_word' id='word_1_204' title='bbox 2062 2879 2324 2934; x_wconf 87' lang='lat' dir='ltr'><strong>certum</strong></span> <span class='ocrx_word' id='word_1_205' title='bbox 2360 2883 2499 2935; x_wconf 85' lang='lat' dir='ltr'><strong>est.</strong></span> 
     </span>
     <span class='ocr_line' id='line_1_26' title="bbox 345 2973 2501 3072; baseline 0.003 -26"><span class='ocrx_word' id='word_1_206' title='bbox 345 2977 611 3046; x_wconf 87' lang='lat' dir='ltr'><strong>Tamen</strong></span> <span class='ocrx_word' id='word_1_207' title='bbox 643 2973 732 3045; x_wconf 90' lang='lat' dir='ltr'><strong>de</strong></span> <span class='ocrx_word' id='word_1_208' title='bbox 763 3000 846 3045; x_wconf 92' lang='lat' dir='ltr'><strong>eo</strong></span> <span class='ocrx_word' id='word_1_209' title='bbox 877 2991 1262 3069; x_wconf 89' lang='lat' dir='ltr'><strong>queruntur</strong></span> <span class='ocrx_word' id='word_1_210' title='bbox 1293 3000 1562 3062; x_wconf 87' lang='lat' dir='ltr'><strong>omnes,</strong></span> <span class='ocrx_word' id='word_1_211' title='bbox 1608 2979 1681 3046; x_wconf 92' lang='lat' dir='ltr'><strong>in</strong></span> <span class='ocrx_word' id='word_1_212' title='bbox 1713 3003 1850 3072; x_wconf 94' lang='lat' dir='ltr'><strong>quo</strong></span> <span class='ocrx_word' id='word_1_213' title='bbox 1883 3005 2025 3049; x_wconf 91' lang='lat' dir='ltr'><strong>uno</strong></span> <span class='ocrx_word' id='word_1_214' title='bbox 2061 3005 2263 3051; x_wconf 87' lang='lat' dir='ltr'><strong>nemo</strong></span> <span class='ocrx_word' id='word_1_215' title='bbox 2298 2982 2501 3054; x_wconf 87' lang='lat' dir='ltr'><strong>deci-</strong></span> 
     </span>
     <span class='ocr_line' id='line_1_27' title="bbox 341 3094 556 3188; baseline 0.005 -28"><span class='ocrx_word' id='word_1_216' title='bbox 341 3094 556 3188; x_wconf 85' lang='lat' dir='ltr'><strong>pitur.</strong></span> 
     </span>
    </p>

    <p class='ocr_par' dir='ltr' id='par_1_8' title="bbox 335 3207 2497 3772">
     <span class='ocr_line' id='line_1_28' title="bbox 449 3207 2497 3310; baseline 0.005 -36"><span class='ocrx_word' id='word_1_217' title='bbox 449 3235 483 3274; x_wconf 69' lang='lat' dir='ltr'><strong>u</strong></span> <span class='ocrx_word' id='word_1_218' title='bbox 509 3207 644 3279; x_wconf 90' lang='lat' dir='ltr'><strong>Sed</strong></span> <span class='ocrx_word' id='word_1_219' title='bbox 695 3235 870 3304; x_wconf 87' lang='lat' dir='ltr'><strong>puer</strong></span> <span class='ocrx_word' id='word_1_220' title='bbox 919 3207 1242 3281; x_wconf 82' lang='lat' dir='ltr'><strong>decessit!</strong></span> <span class='ocrx_word' id='word_1_221' title='bbox 1280 3249 1381 3266; x_wconf 92' lang='lat'><strong>—</strong></span> <span class='ocrx_word' id='word_1_222' title='bbox 1413 3209 1733 3286; x_wconf 87' lang='lat' dir='ltr'><strong>Nondum</strong></span> <span class='ocrx_word' id='word_1_223' title='bbox 1788 3211 1983 3296; x_wconf 88' lang='lat' dir='ltr'><strong>dico,</strong></span> <span class='ocrx_word' id='word_1_224' title='bbox 2038 3213 2283 3284; x_wconf 88' lang='lat' dir='ltr'><strong>melius</strong></span> <span class='ocrx_word' id='word_1_225' title='bbox 2330 3219 2497 3310; x_wconf 78' lang='lat' dir='ltr'><strong>’agi</strong></span> 
     </span>
     <span class='ocr_line' id='line_1_29' title="bbox 339 3327 2495 3434; baseline 0.002 -39"><span class='ocrx_word' id='word_1_226' title='bbox 339 3349 495 3395; x_wconf 87' lang='lat' dir='ltr'><strong>cum</strong></span> <span class='ocrx_word' id='word_1_227' title='bbox 546 3349 628 3394; x_wconf 91' lang='lat' dir='ltr'><strong>eo</strong></span> <span class='ocrx_word' id='word_1_228' title='bbox 671 3328 792 3426; x_wconf 88' lang='lat' dir='ltr'><strong>qui</strong></span> <span class='ocrx_word' id='word_1_229' title='bbox 841 3329 983 3397; x_wconf 82' lang='lat' dir='ltr'><strong>vita</strong></span> <span class='ocrx_word' id='word_1_230' title='bbox 1031 3327 1433 3421; x_wconf 84' lang='lat' dir='ltr'><strong>defungitur</strong></span> <span class='ocrx_word' id='word_1_231' title='bbox 1493 3354 1509 3394; x_wconf 91' lang='lat'><strong>:</strong></span> <span class='ocrx_word' id='word_1_232' title='bbox 1560 3327 1649 3396; x_wconf 91' lang='lat' dir='ltr'><strong>ad</strong></span> <span class='ocrx_word' id='word_1_233' title='bbox 1695 3353 1851 3398; x_wconf 91' lang='lat' dir='ltr'><strong>eum</strong></span> <span class='ocrx_word' id='word_1_234' title='bbox 1896 3346 2320 3408; x_wconf 80' lang='lat' dir='ltr'><strong>transeamus</strong></span> <span class='ocrx_word' id='word_1_235' title='bbox 2370 3335 2495 3434; x_wconf 85' lang='lat' dir='ltr'><strong>qui</strong></span> 
     </span>
     <span class='ocr_line' id='line_1_30' title="bbox 337 3444 2495 3542; baseline 0.003 -32"><span class='ocrx_word' id='word_1_236' title='bbox 337 3444 733 3531; x_wconf 81' lang='lat' dir='ltr'><strong>consenuit3</strong></span> <span class='ocrx_word' id='word_1_237' title='bbox 771 3445 1102 3537; x_wconf 84' lang='lat' dir='ltr'><strong>quantulo</strong></span> <span class='ocrx_word' id='word_1_238' title='bbox 1135 3445 1351 3513; x_wconf 86' lang='lat' dir='ltr'><strong>vincit</strong></span> <span class='ocrx_word' id='word_1_239' title='bbox 1398 3445 1726 3514; x_wconf 82' lang='lat' dir='ltr'><strong>infantem</strong></span> <span class='ocrx_word' id='word_1_240' title='bbox 1753 3447 1783 3518; x_wconf 72' lang='grc' dir='ltr'><strong>ἱ)</strong></span> <span class='ocrx_word' id='word_1_241' title='bbox 1808 3449 2124 3540; x_wconf 90' lang='lat' dir='ltr'><strong>Propone</strong></span> <span class='ocrx_word' id='word_1_242' title='bbox 2162 3451 2495 3542; x_wconf 84' lang='lat' dir='ltr'><strong>temporis</strong></span> 
     </span>
     <span class='ocr_line' id='line_1_31' title="bbox 337 3556 2491 3660; baseline 0.004 -35"><span class='ocrx_word' id='word_1_243' title='bbox 337 3556 1072 3650; x_wconf 80' lang='lat' dir='ltr'><strong>profundi&#39;vastitatem</strong></span> <span class='ocrx_word' id='word_1_244' title='bbox 1094 3609 1114 3643; x_wconf 89' lang='lat'><strong>,</strong></span> <span class='ocrx_word' id='word_1_245' title='bbox 1157 3573 1228 3626; x_wconf 88' lang='lat' dir='ltr'><strong>et</strong></span> <span class='ocrx_word' id='word_1_246' title='bbox 1259 3561 1653 3629; x_wconf 82' lang='lat' dir='ltr'><strong>universum</strong></span> <span class='ocrx_word' id='word_1_247' title='bbox 1692 3561 2191 3660; x_wconf 78' lang='lat' dir='ltr'><strong>complectere3</strong></span> <span class='ocrx_word' id='word_1_248' title='bbox 2233 3562 2491 3636; x_wconf 85' lang='lat' dir='ltr'><strong>deinde</strong></span> 
     </span>
     <span class='ocr_line' id='line_1_32' title="bbox 335 3674 2485 3772; baseline 0.003 -31"><span class='ocrx_word' id='word_1_249' title='bbox 335 3674 492 3758; x_wconf 88' lang='lat' dir='ltr'><strong>hoc,</strong></span> <span class='ocrx_word' id='word_1_250' title='bbox 522 3675 707 3768; x_wconf 90' lang='lat' dir='ltr'><strong>quod</strong></span> <span class='ocrx_word' id='word_1_251' title='bbox 727 3693 988 3745; x_wconf 81' lang='lat' dir='ltr'><strong>aetatem</strong></span> <span class='ocrx_word' id='word_1_252' title='bbox 1013 3695 1328 3746; x_wconf 81' lang='lat' dir='ltr'><strong>vocamus</strong></span> <span class='ocrx_word' id='word_1_253' title='bbox 1343 3677 1744 3760; x_wconf 77' lang='lat' dir='ltr'><strong>humanam,</strong></span> <span class='ocrx_word' id='word_1_254' title='bbox 1772 3701 2090 3772; x_wconf 86' lang='lat' dir='ltr'><strong>compara</strong></span> <span class='ocrx_word' id='word_1_255' title='bbox 2110 3680 2485 3758; x_wconf 84' lang='lat' dir='ltr'><strong>immenso:</strong></span> 
     </span>
    </p>
   </div>
   <div class='ocr_carea' id='block_1_7' title="bbox 403 3915 2487 3992">
    <p class='ocr_par' dir='ltr' id='par_1_9' title="bbox 403 3915 2487 3992">
     <span class='ocr_line' id='line_1_33' title="bbox 403 3915 2487 3992; baseline 0.003 -26"><span class='ocrx_word' id='word_1_256' title='bbox 403 3935 446 3966; x_wconf 86' lang='grc' dir='ltr'><strong>ι.</strong></span> <span class='ocrx_word' id='word_1_257' title='bbox 468 3915 590 3968; x_wconf 73' lang='lat' dir='ltr'><strong>Sibi</strong></span> <span class='ocrx_word' id='word_1_258' title='bbox 615 3919 877 3986; x_wconf 67' lang='lat' dir='ltr'><strong>imposuit.</strong></span> <span class='ocrx_word' id='word_1_259' title='bbox 907 3915 1242 3989; x_wconf 77' lang='lat' dir='ltr'><strong>semetipsum</strong></span> <span class='ocrx_word' id='word_1_260' title='bbox 1267 3919 1352 3968; x_wconf 83' lang='lat' dir='ltr'><strong>se—</strong></span> <span class='ocrx_word' id='word_1_261' title='bbox 1449 3916 1631 3970; x_wconf 78' lang='lat' dir='ltr'><strong>liorem</strong></span> <span class='ocrx_word' id='word_1_262' title='bbox 1653 3938 1756 3972; x_wconf 79' lang='lat' dir='ltr'><strong>esse</strong></span> <span class='ocrx_word' id='word_1_263' title='bbox 1778 3919 2125 3980; x_wconf 83' lang='lat' dir='ltr'><strong>conditionem</strong></span> <span class='ocrx_word' id='word_1_264' title='bbox 2143 3918 2253 3992; x_wconf 78' lang='lat' dir='ltr'><strong>ejus</strong></span> <span class='ocrx_word' id='word_1_265' title='bbox 2274 3918 2365 3990; x_wconf 77' lang='lat' dir='ltr'><strong>qui</strong></span> <span class='ocrx_word' id='word_1_266' title='bbox 2381 3919 2487 3973; x_wconf 68' lang='lat' dir='ltr'><strong>vita</strong></span> 
     </span>
    </p>
   </div>
   <div class='ocr_carea' id='block_1_8' title="bbox 333 3993 2489 4144">
    <p class='ocr_par' dir='ltr' id='par_1_10' title="bbox 333 3993 2489 4144">
     <span class='ocr_line' id='line_1_34' title="bbox 333 3993 2489 4068; baseline 0.004 -24"><span class='ocrx_word' id='word_1_267' title='bbox 333 3993 479 4047; x_wconf 84' lang='lat' dir='ltr'><strong>sellit.</strong></span> <span class='ocrx_word' id='word_1_268' title='bbox 1449 3996 1757 4068; x_wconf 76' lang='lat' dir='ltr'><strong>defungitur.</strong></span> <span class='ocrx_word' id='word_1_269' title='bbox 1796 3997 1938 4050; x_wconf 78' lang='lat' dir='ltr'><strong>Bene</strong></span> <span class='ocrx_word' id='word_1_270' title='bbox 1975 3997 2125 4050; x_wconf 83' lang='lat' dir='ltr'><strong>vertit</strong></span> <span class='ocrx_word' id='word_1_271' title='bbox 2158 3997 2445 4068; x_wconf 64' lang='lat' dir='ltr'><strong>Lago-ange</strong></span> <span class='ocrx_word' id='word_1_272' title='bbox 2468 4018 2489 4051; x_wconf 88' lang='lat'><strong>.·</strong></span> 
     </span>
     <span class='ocr_line' id='line_1_35' title="bbox 401 4071 2483 4144; baseline 0.003 -23"><span class='ocrx_word' id='word_1_273' title='bbox 401 4087 447 4120; x_wconf 65' lang='grc' dir='ltr'><strong>τι.</strong></span> <span class='ocrx_word' id='word_1_274' title='bbox 470 4071 666 4126; x_wconf 71' lang='lat' dir='ltr'><strong>Melius</strong></span> <span class='ocrx_word' id='word_1_275' title='bbox 681 4077 776 4142; x_wconf 71' lang='lat' dir='ltr'><strong>agi</strong></span> <span class='ocrx_word' id='word_1_276' title='bbox 791 4091 907 4127; x_wconf 71' lang='lat' dir='ltr'><strong>ccam</strong></span> <span class='ocrx_word' id='word_1_277' title='bbox 929 4092 988 4126; x_wconf 86' lang='lat' dir='ltr'><strong>eo</strong></span> <span class='ocrx_word' id='word_1_278' title='bbox 1007 4085 1099 4126; x_wconf 83' lang='lat' dir='ltr'><strong>cte.</strong></span> <span class='ocrx_word' id='word_1_279' title='bbox 1123 4075 1220 4128; x_wconf 80' lang='lat' dir='ltr'><strong>lut.</strong></span> <span class='ocrx_word' id='word_1_280' title='bbox 1241 4093 1348 4126; x_wconf 77' lang='lat' dir='ltr'><strong>me·</strong></span> <span class='ocrx_word' id='word_1_281' title='bbox 1458 4073 1575 4141; x_wconf 72' lang='grc' dir='ltr'><strong>ραι</strong></span> <span class='ocrx_word' id='word_1_282' title='bbox 1598 4078 1733 4128; x_wconf 78' lang='lat' dir='ltr'><strong>celui</strong></span> <span class='ocrx_word' id='word_1_283' title='bbox 1753 4080 1849 4144; x_wconf 71' lang='lat' dir='ltr'><strong>que·</strong></span> <span class='ocrx_word' id='word_1_284' title='bbox 1866 4085 1946 4128; x_wconf 73' lang='lat' dir='ltr'><strong>est</strong></span> <span class='ocrx_word' id='word_1_285' title='bbox 1969 4077 2294 4142; x_wconf 58' lang='grc' dir='ltr'><strong>ἄρδω-ωερε·</strong></span> <span class='ocrx_word' id='word_1_286' title='bbox 2324 4078 2394 4130; x_wconf 80' lang='lat' dir='ltr'><strong>de</strong></span> <span class='ocrx_word' id='word_1_287' title='bbox 2418 4079 2483 4128; x_wconf 78' lang='lat' dir='ltr'><strong>Ia</strong></span> 
     </span>
    </p>
   </div>
  </div>
 </body>
</html>
