2667 4475
469 321 604 406 634
1215 318 1517 387 JUSTI
1566 318 1897 387 L1Ps11

795 464 850 514 si
871 470 1074 532 possunt
1095 462 1316 513 homiues
1329 498 1346 524 ‚
1369 462 1549 530 quibus
1570 468 1645 511 cst
1660 468 1713 510 et
1728 459 1947 510 Mundus
1972 460 2029 509 in
2048 462 2181 529 ipsis
2218 480 2235 509 z

793 554 1184 622 Exemplumque
1203 554 1296 605 Dei
1317 554 1526 622 quinque
1550 560 1625 603 est
1644 558 1695 603 et
1716 553 1769 603 iu
1792 552 2015 618 imagine
2038 568 2205 619 parva
2222 548 2255 601 ἲ

461 684 660 764 Itaque
681 674 1084 765 Trismegistus
1105 682 1321 761 prolem
1348 680 1561 741 Mundi
1572 729 1586 753 ,
1614 681 1675 741 id
1699 692 1819 754 est,
1854 680 2164 740 Mundum
2195 681 2509 747 alte-rum,
2536 682 2615 738 Βι-

459 792 670 849 minem
691 790 845 850 facit.
881 820 908 844 ιι
939 789 1044 850 Est
1063 788 1316 851 Mundus
1339 790 1573 871 quidem
1594 790 1703 850 Dei
1732 791 1915 862 minz,
1940 790 2171 849 Mundi
2194 802 2425 850 autem
2452 790 2613 849 salzb

461 898 674 958 Homo.
713 926 740 952 v>
773 898 956 981 (Cap.
1007 898 1143 981 ιο.)
1183 900 1367 959 Immo
1416 921 1614 959 verum
1666 900 1715 958 si
1756 898 2005 957 dicimus
2030 942 2047 970 ‚
2084 920 2203 958 nos
2240 898 2373 959 Dei
2412 898 2549 957 filii.
2582 918 2610 953 e

457 1006 612 1065 velut
641 1007 888 1087 proximi
912 1004 985 1065 ab
1010 1006 1108 1065 illo
1136 1028 1352 1065 sumus,
1379 1006 1595 1066 Seneca
1615 1004 1738 1087 (De
1758 1004 1957 1064 Renes.
1994 1004 2059 1063 11
2077 1048 2097 1077 ,
2133 1026 2287 1086 cap.
2322 1004 2453 1090 29)
2474 1030 2489 1061 :
2518 1034 2537 1055 a
2562 1002 2607 1059 la

457 1125 542 1171 est
567 1136 583 1170 ε
619 1114 936 1172 carissimos
977 1134 1081 1172 nos
1121 1111 1448 1172 habuerunt
1478 1110 1559 1171 dii
1588 1111 1937 1171 immortales
1962 1155 1981 1184 ‚
2008 1110 2391 1192 habentque
2428 1135 2447 1167 =
2480 1124 2533 1168 et
2550 1130 2598 1187 ς-

455 1222 739 1278 maximus
789 1220 957 1280 tribui
1009 1218 1190 1278 honos
1247 1222 1428 1300 potuit
1447 1263 1463 1292 ‚
1516 1218 1589 1277 ab
1631 1218 1768 1299 ipsis
1814 1218 2123 1299 proximos
2178 1218 2595 1279 collocaveras

453 1324 666 1406 Magna
695 1326 1014 1406 accepimus
1041 1369 1057 1398 ‚
1091 1326 1306 1403 majora
1334 1346 1451 1383 non
1480 1324 1755 1405 cepimus..
1790 1350 1818 1377 n
1846 1322 1899 1381 Ο
1925 1344 2105 1383 aurea
2136 1324 2345 1384 verba
2378 1338 2441 1384 et
2462 1317 2607 1381 semf

457 1430 755 1491 Proximos
779 1430 851 1491 ab
881 1432 1061 1515 ipsis?
1089 1432 1186 1492 ita.
1219 1432 1625 1514 Tdmnegistus
1647 1429 1811 1513 (cap.
1850 1429 1958 1511 ιο)
1984 1455 2003 1488 x
2042 1458 2069 1485 ιι
2090 1430 2239 1506 Qua
2274 1446 2605 1515 proptera-

457 1538 709 1599 ‹lendum
761 1554 845 1599 est
893 1538 1124 1612 dicere,
1168 1540 1481 1599 Hominem
1520 1552 1809 1599 terrenum
1861 1559 1985 1597 esse
2028 1538 2239 1597 Deum
2294 1540 2597 1601 mortale:

456 1646 642 1705 Deum
679 1646 956 1707 caelestem
990 1668 1113 1705 esse
1153 1646 1443 1705 hominem
1474 1644 1913 1725 immortalem.
1912 1644 2262 1705 Praefatur
2302 1646 2579 1707 audaciam

457 1765 516 1811 et
561 1754 750 1834 siquid
795 1778 969 1835 supra
1011 1777 1252 1827 verum,
1287 1778 1404 1814 non
1448 1754 1620 1837 longe
1666 1778 1699 1813 a
1740 1774 1895 1812 vero.
1950 1752 2123 1812 Idem
2166 1755 2405 1815 iterum
2446 1753 2583 1814 atto?

452 1855 676 1939 (lbid.)
711 1883 726 1916 ε
767 1887 793 1911 ιι
841 1860 1030 1918 Homo
1064 1859 1277 1919 animal
1321 1872 1409 1919 est
1456 1858 1713 1919 divinum
1739 1904 1756 1932 ‚
1790 1858 2034 1939 aliisque
2064 1862 2489 1920 animantibus
2520 1882 2597 1917 nti

451 1962 760 2034 confertur,
797 1963 898 2023 sed
930 1966 999 2023 iis
1028 1967 1128 2045 qui
1157 1988 1382 2025 sursum
1410 1966 1471 2024 in
1500 1965 1634 2025 caelo
1664 1966 1759 2023 Dii
1792 1964 2082 2023 dicuntur.
2119 1965 2333 2025 Immo
2362 1988 2497 2026 vero
2516 2010 2531 2030 ,
2566 1986 2593 2021 :x

452 2087 650 2127 verum
677 2069 858 2128 libere
888 2068 1196 2129 dicendum
1227 2082 1312 2130 est
1337 2116 1355 2143 ‚
1380 2072 1551 2129 etiam
1574 2092 1749 2150 super
1777 2068 1904 2128 illos
1932 2080 2017 2128 est
2040 2069 2091 2127 is
2108 2112 2128 2143 ,
2164 2073 2281 2151 qui
2306 2094 2450 2133 vere
2472 2072 2595 2130 hom

455 2185 541 2233 cst
571 2197 589 2233 a
621 2187 722 2235 aut
757 2188 912 2235 certe
952 2177 1074 2257 pari
1117 2198 1252 2238 cum
1297 2177 1366 2235 iis
1412 2177 1801 2235 aestimafione.
1839 2202 1868 2228 ι»
1919 2173 2121 2258 Euge,
2170 2150 2491 2252 attollere]
2522 2176 2591 2235 soi

453 2305 585 2342 cum
625 2283 903 2343 modestia
925 2327 942 2354 ‚
989 2295 1047 2342 et
1091 2285 1363 2363 pietatem
1402 2305 1467 2342 ac
1509 2283 1697 2342 Deum
1728 2285 1777 2342 si
1814 2283 1956 2341 colis
1984 2281 2075 2364 (is
2104 2308 2240 2346 vene
2270 2287 2473 2348 Herm
2500 2299 2585 2346 est.

453 2390 514 2447 in
527 2387 887 2470 Mercurio),
913 2388 986 2448 ad
1004 2388 1197 2448 beatos
1219 2387 1460 2460 Genios„
1484 2401 1583 2448 aut
1605 2410 1777 2470 supra
1798 2408 1995 2448 eorum
2016 2390 2343 2470 quosdam,
2358 2393 2583 2452 ascende.

455 2485 606 2554 Colis
627 2541 642 2568 ,
679 2499 912 2577 inquam
933 2520 946 2567 ;
973 2518 1105 2554 nam
1122 2540 1138 2568 ,
1173 2507 1239 2554 ut
1263 2508 1417 2556 recte
1430 2495 1633 2556 Cicero
1659 2494 1715 2577 (I
1732 2495 1907 2556 Tusc.
1936 2493 2041 2576 28)
2056 2539 2073 2570 ,
2098 2496 2271 2557 Deus
2296 2499 2443 2560 fecit
2464 2529 2491 2552 ι
2506 2501 2589 2558 ho-

454 2601 670 2660 minem
689 2646 705 2675 ‚
742 2603 903 2684 quasi
934 2604 1436 2682 contemplatorem
1464 2601 1585 2661 meli
1614 2623 1677 2661 ac
1700 2603 1950 2662 Deorum
1967 2648 1984 2675 ,
2008 2604 2403 2686 ipsorumque
2430 2606 2583 2666 culto-

455 2728 576 2765 rem
593 2731 610 2779 ;
644 2717 816 2788 atque
843 2707 1090 2768 hominis
1123 2707 1354 2767 utilitati
1393 2729 1558 2790 agros
1586 2729 1785 2767 omnes
1820 2721 1878 2767 et
1897 2711 2077 2768 marin
2108 2714 2407 2790 parentia.
2426 2741 2455 2764 ι
2476 2713 2579 2772 Jun:

454 2813 614 2873 addit
638 2859 655 2886 ‚
690 2817 882 2874 omnia
913 2817 1075 2874 nobis
1108 2833 1310 2895 parere
1332 2859 1351 2888 ‚
1386 2827 1443 2874 et
1474 2815 1709 2874 servire.
1740 2813 1897 2890 Quid
1922 2815 2135 2876 clii-ius
2158 2818 2188 2876 Ρ
2222 2831 2409 2880 terras
2446 2821 2579 2880 bahi-

455 2933 638 2979 tamus
660 2964 676 2992 ‚
711 2943 970 2993 aramus»,
995 2941 1369 3003 peragramus
1400 2943 1415 2978 ε
1450 2922 1576 3000 ipsa
1603 2923 1813 2992 maria,
1848 2922 2199 2982 indomitum
2228 2927 2573 2988 elementum.

457 3027 751 3089 domamus
784 3050 800 3086 ε
839 3028 1034 3088 bestiis
1068 3027 1317 3109 ferisque
1346 3027 1612 3087 omnibus
1642 3028 1830 3111 legem
1864 3039 1923 3088 et
1950 3031 2269 3110 imperium
2304 3032 2511 3094 damus.

781 3171 902 3233 Quis
926 3165 1116 3218 dubitet
1135 3175 1247 3236 post
1266 3167 1372 3217 haec
1395 3165 1647 3217 hominem
1668 3167 1960 3234 conjungere
1980 3165 2149 3220 melo?

783 3259 1028 3311 Eximiam
1043 3267 1214 3310 natura
1235 3255 1373 3308 dedit
1394 3260 1743 3327 linguamque,
1770 3275 2025 3328 capaxque

785 3354 1069 3420 ingenium-3
1095 3351 1443 3421 volucremque
1464 3353 1719 3414 animum,
1746 3369 1895 3420 quem
1922 3351 2173 3420 denique
2158 3371 2217 3403 m
2230 3371 2393 3408 m

792 3442 1054 3494 Descendit
1069 3443 1200 3494 Dens
1215 3450 1363 3512 utque
1378 3441 1597 3505 habitat,
1620 3443 1879 3511 ipsumque
1900 3443 2123 3511 requirit.
2144 3443 2371 3511 (Eun.
2392 3448 2465 3512 ΙΙ.)

459 3565 649 3626 Multae
690 3565 936 3626 hominis
984 3567 1145 3627 dotes
1163 3612 1180 3640 ‚
1225 3579 1283 3626 et
1311 3568 1693 3648 praerogativae
1724 3587 1741 3623 =
1772 3568 1956 3648 tangit
1998 3564 2283 3647 quasdam
2300 3613 2319 3640 ‚
2350 3570 2443 3629 sed
2474 3591 2557 3628 ex·

459 3689 636 3735 trema
667 3697 741 3734 an
772 3695 887 3733 non
920 3697 954 3734 a
984 3673 1178 3734 divino
1207 3675 1479 3733 instinctu
1509 3673 1687 3733 sunt?
1722 3674 1890 3734 Dicat
1918 3695 2021 3732 suo
2048 3673 2151 3733 ille
2176 3695 2383 3750 seusu,
2404 3689 2555 3736 noem

457 3785 750 3844 verissima
771 3793 903 3842 sunt
927 3805 943 3841 ε
971 3782 1125 3841 Deus
1149 3783 1209 3841 in
1239 3781 1405 3840 nobis
1424 3781 1642 3840 habitat
1663 3825 1679 3853 ,
1710 3779 2007 3861 Templum
2028 3784 2152 3862 ejus
2172 3803 2369 3844 sumus
2394 3811 2411 3845 ε
2430 3785 2549 3844 Deus

459 3891 750 3951 hominem
778 3890 1052 3970 requirit,
1083 3887 1316 3949 Delt‘cioe
1335 3889 1457 3968 ejus
1488 3909 1704 3948 sumus.
1730 3887 1999 3969 Denique
2014 3934 2031 3962 ,
2062 3891 2145 3950 ait
2168 3891 2329 3952 Plato
2348 3892 2373 3974 (
2386 3895 2445 3954 1-
2460 3891 2547 3953 ffi-

461 3994 604 4076 noc)
638 4021 652 4056 =
693 4025 719 4050 n
757 3997 870 4056 Res
898 3997 1150 4055 omnium
1186 3997 1537 4056 sanctissima
1561 4040 1577 4068 ‚
1612 3997 1701 4056 vir
1728 3997 1930 4055 bonus.
1972 4023 2001 4048 ι·
