2667 4475
433 335 568 429 474
966 332 1392 402 SENECAE
1469 329 1618 400 ΕΤ·
1675 332 2000 400 PAULI

977 574 1025 632 1.
1074 593 1335 634 sennes
1372 594 1599 634 rinno
1637 595 1982 634 saturnu.

515 742 735 812 Credo
757 742 906 826 tibi,
936 743 1169 824 Paule,
1208 744 1588 816 nuntiatum
1617 767 1789 826 esse,
1829 742 2011 835 quod
2043 733 2398 812 hericum
2425 750 2558 814 Lu-

418 859 573 928 cilio
607 855 840 928 nostro
890 859 977 926 de
1020 858 1429 951 apocryphis
1464 874 1536 927 et
1565 859 1720 926 aliis
1759 858 1965 928 rebus
2002 883 2400 929 sermonem
2439 862 2556 930 lia-

414 974 706 1042 buimus.
736 978 947 1046 Erant
976 976 1157 1041 enim
1184 972 1460 1066 quidam
1491 973 2003 1067 disciplinarum
2035 991 2316 1048 tuarum
2346 980 2558 1045 comi-

412 1107 513 1158 tes
545 1089 921 1158 nobiscum.
956 1091 1125 1156 Nam
1160 1090 1234 1156 in
1262 1089 1498 1156 hortos
1533 1087 1970 1158 Sallustianos
2003 1111 2508 1158 accesseramus
2529 1141 2548 1170 ‚

314 1269 321 1278 ,
411 1228 547 1294 quo
586 1199 659 1270 in
694 1203 846 1272 loco
879 1204 1228 1272 occasione
1260 1202 1476 1270 nostri
1511 1202 1644 1270 alio
1681 1202 2034 1270 tendentes
2057 1251 2078 1285 ‚
2122 1201 2204 1269 hi
2251 1202 2345 1270 de
2393 1205 2554 1295 qni-

411 1317 537 1386 bus
570 1318 746 1400 dixi,
780 1320 943 1387 visis
980 1317 1176 1386 nohis
1214 1315 1517 1410 adjuncti
1547 1333 1725 1384 sunt.
1759 1309 1968 1386 Certe*
1986 1319 2084 1385 tui
2117 1321 2554 1410 praesentiam

410 1437 808 1527 optavimus.
854 1438 940 1502 Et
973 1435 1104 1503 hoc
1140 1435 1309 1500 scias
1351 1433 1504 1500 volo
1529 1482 1547 1514 ,
1601 1432 1832 1500 libello
1871 1449 1986 1500 tuo
2023 1433 2202 1501 lecto
2229 1485 2251 1518 ,
2301 1435 2379 1502 id
2413 1453 2550 1516 est,

410 1575 619 1642 quum
658 1552 1049 1650 legissemus
1087 1550 1173 1618 de
1206 1550 1519 1643 plurimis
1555 1549 1818 1642 aliquas
1853 1549 2170 1642 epistolas
2190 1601 2212 1631 ‚
2261 1577 2442 1646 quas
2474 1553 2554 1620 ad

406 1667 700 1760 aliquam
736 1665 1076 1738 civitatem
1099 1717 1122 1750 ‚.
1170 1691 1290 1735 seu
1331 1682 1534 1759 caput
1574 1668 1938 1758 provinciae
1978 1665 2342 1752 direxisti,
2393 1673 2556 1737 mira

408 1779 869 1848 exhortatione
900 1782 1102 1847 vitam
1141 1779 1492 1851 mortalem
1531 1782 1998 1866 continentes,
2039 1805 2268 1872 usque
2315 1783 2552 1852 refecti

408 1916 660 1959 sumus.
706 1893 896 1983 Quos
930 1916 1168 1961 sensus
1204 1917 1342 1961 non
1378 1908 1542 1985 puto
1585 1917 1668 1960 ex
1709 1909 1777 1960 te
1811 1893 2068 1978 dictos,
2106 1892 2236 1962 sed
2279 1921 2413 1988 per
2447 1913 2548 1980 te,

408 2023 589 2076 certe
636 2006 999 2099 aliquando
1053 2033 1131 2076 ex
1185 2023 1253 2076 te
1306 2025 1375 2074 et
1414 2032 1538 2100 per
1594 2024 1686 2080 te.
1736 2009 1958 2076 Tanta
2000 2011 2186 2082 enim
2239 2015 2551 2104 majestas

408 2145 645 2190 earum
676 2137 776 2188 est
812 2145 1076 2206 rerum,
1124 2137 1444 2213 tantaque
1487 2123 1936 2214 generositate
1973 2122 2242 2192 clarent
2268 2175 2290 2208 ,
2335 2143 2420 2194 ut
2451 2130 2551 2194 vix

410 2237 802 2305 suffecturas
842 2253 1079 2329 putem
1109 2254 1335 2306 aetates
1369 2238 1726 2313 hominum
1742 2288 1762 2320 ,
1797 2238 2049 2330 quibus
2081 2242 2358 2311 institui
2393 2268 2548 2335 per-

409 2354 659 2446 ficique
690 2354 971 2447 possint.
1006 2356 1189 2421 Bene
1220 2370 1286 2425 te
1318 2353 1586 2437 valere,
1630 2354 1860 2435 frater,
1899 2357 2128 2447 cupio.

905 2577 1000 2639 ΙΙ.
1040 2596 1331 2640 seneca.
1374 2596 1639 2635 nutus
1680 2570 2050 2643 siturum„

504 2743 796 2810 Litteras
815 2759 964 2811 tuas
987 2742 1223 2810 hilaris
1248 2742 1399 2811 heri
1423 2744 1684 2835 accepi,
1711 2743 1801 2812 ad
1818 2768 1986 2836 quas
2001 2744 2394 2815 rescribere
2421 2764 2545 2816 sta-

410 2860 524 2926 tim
570 2860 805 2951 potui,
848 2859 904 2926 si
942 2860 1364 2951 praesentiam
1396 2857 1668 2951 juvenis
1693 2908 1712 2941 ,
1753 2882 1954 2951 quem
1991 2859 2082 2929 ad
2113 2877 2184 2929 te
2216 2865 2550 2933 missurus

408 2999 588 3045 eram
611 3028 629 3057 ‚
672 2976 1080 3044 habuissem.
1128 2976 1272 3045 Scis
1306 2977 1487 3045 enim
1533 2974 1806 3067 quando
1830 3026 1852 3060 ,
1905 2992 1975 3044 et
2021 3001 2146 3070 per
2186 3003 2402 3070 quem
2423 3032 2444 3063 ,
2483 2998 2546 3048 et

409 3116 543 3183 quo
568 3106 891 3185 tempore,
924 3107 993 3160 et
1026 3093 1137 3159 cui
1169 3090 1335 3182 quid
1366 3091 1514 3159 dari
1545 3092 2009 3183 committique
2040 3090 2321 3163 debeat.
2353 3098 2542 3189 Rogo

386 3232 569 3299 ‘ergo
619 3232 705 3275 ne
756 3223 949 3301 putes
1000 3223 1065 3274 te
1123 3206 1502 3300 neglectum
1526 3256 1544 3287 ‚
1599 3206 1762 3274 dum
1803 3230 2107 3299 personae
2147 3210 2540 3299 qualitatem

409 3310 696 3415 respicio
721 3375 739 3406 ‚
774 3323 895 3393 sed
916 3322 1098 3419 quod
1131 3324 1373 3391 litteris
1403 3324 1568 3391 meis
1596 3346 1714 3389 vos
1744 3322 1916 3389 bene
1952 3340 2266 3416 acceptos
2291 3326 2539 3395 alicubi

411 3438 649 3507 scribis
670 3488 689 3522 ,
749 3440 1010 3507 felicem
1070 3464 1177 3507 me
1232 3438 1527 3507 arbitror
1576 3440 1742 3509 tanti
1793 3440 1921 3508 viri
1955 3439 2250 3531 judicio.
2303 3444 2540 3534 Neque

412 3556 591 3622 enim
620 3555 749 3622 hoc
780 3553 1008 3623 dicere
1048 3540 1309 3639 censor,
1345 3552 1640 3648 sophista
1663 3605 1682 3635 ,
1719 3554 2038 3647 magister
2071 3558 2242 3623 tanti
2269 3560 2544 3652 princi-

414 3816 515 3866 est,
556 3822 670 3874 qnoe
720 3803 949 3873 pietatem
998 3802 1249 3875 impietate
1281 3802 1576 3855 dissimulat.
1600 3800 1758 3855 Aliud
1783 3814 1858 3854 est
1891 3814 2026 3855 veste
2045 3802 2256 3875 prosam
2287 3802 2540 3855 Christum

414 3885 659 3938 occultare
677 3924 695 3948 ,
728 3883 867 3941 aliud
902 3896 970 3935 est
1000 3882 1139 3936 libris
1168 3884 1311 3937 editis
1339 3902 1570 3959 pugnare
1587 3904 1703 3937 cum
1727 3883 1915 3936 Christi
1949 3882 2274 3956 dogmatibus
2293 3922 2307 3950 ,
2329 3897 2380 3937 et
2405 3884 2540 3937 aliud

415 3978 487 4017 est
503 3965 647 4017 silere
666 3965 728 4017 de
753 3964 949 4018 Christo
970 3964 1147 4030 ,‘aliud
1170 3965 1259 4018 illo
1280 3966 1495 4037 indigna
1513 3966 1666 4037 loqui.
1689 3966 1789 4019 Sed
1809 3984 2048 4035 quorsum
2079 3965 2262 4017 attinet
2287 3966 2386 4020 hoc
2405 3984 2540 4019 con·

416 4063 641 4105 mentum
660 4049 685 4104 ?
704 4052 787 4105 An
808 4064 864 4103 ut
884 4049 1035 4105 libros
1056 4050 1189 4104 illius
1216 4050 1512 4104 Christianis
1529 4048 1822 4104 hominibus
1841 4049 2204 4103 commendent
2217 4048 2244 4101 ?
2267 4072 2298 4097 n
