<?xml version="1.0" encoding="UTF-8"?>
<!DOCTYPE html PUBLIC "-//W3C//DTD XHTML 1.0 Transitional//EN"
    "http://www.w3.org/TR/xhtml1/DTD/xhtml1-transitional.dtd">
<html xmlns="http://www.w3.org/1999/xhtml" xml:lang="en" lang="en">
 <head>
  <title>
</title>
<meta http-equiv="Content-Type" content="text/html;charset=utf-8" />
  <meta name='ocr-system' content='tesseract 3.04.00' />
  <meta name='ocr-capabilities' content='ocr_page ocr_carea ocr_par ocr_line ocrx_word'/>
</head>
<body>
  <div class='ocr_page' id='page_1' title='image "./lannaeisenecaeo04bouigoog_0628.png"; bbox 0 0 2667 4475; ppageno 0'>
   <div class='ocr_carea' id='block_1_1' title="bbox 138 268 2292 309">
    <p class='ocr_par' dir='ltr' id='par_1_1' title="bbox 138 268 2292 309">
     <span class='ocr_line' id='line_1_1' title="bbox 138 268 2292 309; baseline 0 0"><span class='ocrx_word' id='word_1_1' title='bbox 138 268 2292 309; x_wconf 95' lang='lat' dir='ltr'><strong> </strong></span> 
     </span>
    </p>
   </div>
   <div class='ocr_carea' id='block_1_2' title="bbox 305 527 2192 1073">
    <p class='ocr_par' dir='ltr' id='par_1_2' title="bbox 305 527 2192 1073">
     <span class='ocr_line' id='line_1_2' title="bbox 747 527 1750 633; baseline -0.002 0"><span class='ocrx_word' id='word_1_2' title='bbox 747 528 1188 633; x_wconf 88' lang='lat' dir='ltr'>JUSTI</span> <span class='ocrx_word' id='word_1_3' title='bbox 1261 527 1750 633; x_wconf 90' lang='lat' dir='ltr'>LIPSII</span> 
     </span>
     <span class='ocr_line' id='line_1_3' title="bbox 305 744 2192 1073; baseline -0.009 -64"><span class='ocrx_word' id='word_1_4' title='bbox 305 744 2192 1073; x_wconf 76' lang='lat' dir='ltr'>PHYSIOLOGIAE</span> 
     </span>
    </p>
   </div>
   <div class='ocr_carea' id='block_1_3' title="bbox 887 1192 1621 1279">
    <p class='ocr_par' dir='ltr' id='par_1_3' title="bbox 887 1192 1621 1279">
     <span class='ocr_line' id='line_1_4' title="bbox 887 1192 1621 1279; baseline -0.001 -1"><span class='ocrx_word' id='word_1_5' title='bbox 887 1192 1621 1279; x_wconf 90' lang='lat' dir='ltr'>STOICORUM</span> 
     </span>
    </p>
   </div>
   <div class='ocr_carea' id='block_1_4' title="bbox 1007 1473 1477 1515">
    <p class='ocr_par' dir='ltr' id='par_1_4' title="bbox 1007 1473 1477 1515">
     <span class='ocr_line' id='line_1_5' title="bbox 1007 1473 1477 1515; baseline -0.006 -1"><span class='ocrx_word' id='word_1_6' title='bbox 1007 1473 1174 1515; x_wconf 66' lang='lat' dir='ltr'><strong>unta</strong></span> <span class='ocrx_word' id='word_1_7' title='bbox 1214 1473 1477 1513; x_wconf 49' lang='lat' dir='ltr'><strong>’nunus</strong></span> 
     </span>
    </p>
   </div>
   <div class='ocr_carea' id='block_1_5' title="bbox 1079 1716 1455 1741">
    <p class='ocr_par' dir='ltr' id='par_1_5' title="bbox 1079 1716 1455 1741">
     <span class='ocr_line' id='line_1_6' title="bbox 1079 1716 1455 1741; baseline 0 -2"><span class='ocrx_word' id='word_1_8' title='bbox 1079 1716 1455 1741; x_wconf 47' lang='grc' dir='ltr'>ψ</span> 
     </span>
    </p>
   </div>
   <div class='ocr_carea' id='block_1_6' title="bbox 746 2072 1766 2166">
    <p class='ocr_par' dir='ltr' id='par_1_6' title="bbox 746 2072 1766 2166">
     <span class='ocr_line' id='line_1_7' title="bbox 746 2072 1766 2166; baseline 0 -33"><span class='ocrx_word' id='word_1_9' title='bbox 746 2072 1379 2166; x_wconf 62' lang='lat' dir='ltr'><strong>mssERTA&#39;rio</strong></span> <span class='ocrx_word' id='word_1_10' title='bbox 1442 2076 1766 2135; x_wconf 79' lang='lat' dir='ltr'><strong>PRIMA.</strong></span> 
     </span>
    </p>
   </div>
   <div class='ocr_carea' id='block_1_7' title="bbox 192 2249 2335 2438">
    <p class='ocr_par' dir='ltr' id='par_1_7' title="bbox 192 2249 2335 2438">
     <span class='ocr_line' id='line_1_8' title="bbox 192 2249 2335 2332; baseline 0 -18"><span class='ocrx_word' id='word_1_11' title='bbox 192 2253 538 2314; x_wconf 70' lang='lat' dir='ltr'><em>Vestibulum</em></span> <span class='ocrx_word' id='word_1_12' title='bbox 587 2262 646 2310; x_wconf 79' lang='lat' dir='ltr'><strong>et</strong></span> <span class='ocrx_word' id='word_1_13' title='bbox 687 2273 982 2328; x_wconf 66' lang='lat' dir='ltr'><strong>ingressus.</strong></span> <span class='ocrx_word' id='word_1_14' title='bbox 1030 2249 1120 2310; x_wconf 83' lang='lat' dir='ltr'><strong>De</strong></span> <span class='ocrx_word' id='word_1_15' title='bbox 1155 2251 1608 2330; x_wconf 73' lang='lat' dir='ltr'><em>occupationibus</em></span> <span class='ocrx_word' id='word_1_16' title='bbox 1653 2251 1871 2332; x_wconf 70' lang='grc' dir='ltr'><strong>αῖίφιίᾰ</strong></span> <span class='ocrx_word' id='word_1_17' title='bbox 1887 2272 1913 2323; x_wconf 90' lang='grc'><strong><em>;</em></strong></span> <span class='ocrx_word' id='word_1_18' title='bbox 1960 2262 2017 2312; x_wconf 75' lang='lat' dir='ltr'><strong>et</strong></span> <span class='ocrx_word' id='word_1_19' title='bbox 2058 2255 2203 2313; x_wconf 73' lang='lat' dir='ltr'><strong>inter</strong></span> <span class='ocrx_word' id='word_1_20' title='bbox 2236 2277 2335 2315; x_wconf 72' lang='lat' dir='ltr'><strong>aas</strong></span> 
     </span>
     <span class='ocr_line' id='line_1_9' title="bbox 879 2355 1638 2438; baseline 0 -22"><span class='ocrx_word' id='word_1_21' title='bbox 879 2378 1090 2438; x_wconf 81' lang='lat' dir='ltr'><strong>quoque</strong></span> <span class='ocrx_word' id='word_1_22' title='bbox 1103 2355 1615 2436; x_wconf 77' lang='lat' dir='ltr'><strong>philosophandum</strong></span> <span class='ocrx_word' id='word_1_23' title='bbox 1625 2402 1638 2416; x_wconf 90' lang='lat'><strong>.</strong></span> 
     </span>
    </p>
   </div>
   <div class='ocr_carea' id='block_1_8' title="bbox 147 2549 2342 4135">
    <p class='ocr_par' dir='ltr' id='par_1_8' title="bbox 147 2549 2342 4135">
     <span class='ocr_line' id='line_1_10' title="bbox 271 2549 2337 2633; baseline -0 -17"><span class='ocrx_word' id='word_1_24' title='bbox 271 2557 422 2616; x_wconf 78' lang='lat' dir='ltr'><strong>Auo.</strong></span> <span class='ocrx_word' id='word_1_25' title='bbox 461 2553 548 2614; x_wconf 83' lang='lat' dir='ltr'><strong>Mi</strong></span> <span class='ocrx_word' id='word_1_26' title='bbox 590 2552 810 2625; x_wconf 86' lang='lat' dir='ltr'><strong>doctor,</strong></span> <span class='ocrx_word' id='word_1_27' title='bbox 842 2553 1018 2614; x_wconf 84' lang='lat' dir='ltr'><strong>salve.</strong></span> <span class='ocrx_word' id='word_1_28' title='bbox 1059 2551 1214 2612; x_wconf 77' lang='lat' dir='ltr'><strong>Lirs.</strong></span> <span class='ocrx_word' id='word_1_29' title='bbox 1249 2549 1383 2610; x_wconf 86' lang='lat' dir='ltr'>Tibi</span> <span class='ocrx_word' id='word_1_30' title='bbox 1422 2551 1608 2625; x_wconf 82' lang='lat' dir='ltr'><strong>idem3</strong></span> <span class='ocrx_word' id='word_1_31' title='bbox 1654 2553 1797 2633; x_wconf 86' lang='lat' dir='ltr'><strong>quid</strong></span> <span class='ocrx_word' id='word_1_32' title='bbox 1837 2566 1955 2614; x_wconf 75' lang='lat' dir='ltr'><strong>tam</strong></span> <span class='ocrx_word' id='word_1_33' title='bbox 1998 2555 2337 2618; x_wconf 71' lang='lat' dir='ltr'><strong>mane&#39;3801</strong></span> 
     </span>
     <span class='ocr_line' id='line_1_11' title="bbox 189 2659 2342 2743; baseline 0 -19"><span class='ocrx_word' id='word_1_34' title='bbox 189 2668 402 2725; x_wconf 79' lang='lat' dir='ltr'><strong>lineam</strong></span> <span class='ocrx_word' id='word_1_35' title='bbox 431 2673 692 2743; x_wconf 78' lang='lat' dir='ltr'><strong>quartam</strong></span> <span class='ocrx_word' id='word_1_36' title='bbox 720 2662 822 2720; x_wconf 83' lang='lat' dir='ltr'><strong>vix</strong></span> <span class='ocrx_word' id='word_1_37' title='bbox 847 2660 1052 2742; x_wconf 81' lang='lat' dir='ltr'><strong>tangit.</strong></span> <span class='ocrx_word' id='word_1_38' title='bbox 1087 2659 1238 2718; x_wconf 76' lang='lat' dir='ltr'><strong>Am).</strong></span> <span class='ocrx_word' id='word_1_39' title='bbox 1267 2659 1343 2718; x_wconf 80' lang='lat' dir='ltr'><strong>At</strong></span> <span class='ocrx_word' id='word_1_40' title='bbox 1375 2669 1473 2718; x_wconf 76' lang='lat' dir='ltr'><strong>tua</strong></span> <span class='ocrx_word' id='word_1_41' title='bbox 1502 2660 1741 2719; x_wconf 88' lang='lat' dir='ltr'><strong>monitio</strong></span> <span class='ocrx_word' id='word_1_42' title='bbox 1772 2660 1893 2722; x_wconf 85' lang='lat' dir='ltr'><strong>heri</strong></span> <span class='ocrx_word' id='word_1_43' title='bbox 1931 2664 2199 2724; x_wconf 79' lang='lat' dir='ltr'><strong>excitavit</strong></span> <span class='ocrx_word' id='word_1_44' title='bbox 2219 2707 2235 2737; x_wconf 90' lang='lat'>,</span> <span class='ocrx_word' id='word_1_45' title='bbox 2282 2677 2342 2724; x_wconf 85' lang='lat' dir='ltr'><strong>et</strong></span> 
     </span>
     <span class='ocr_line' id='line_1_12' title="bbox 190 2764 2339 2846; baseline 0 -17"><span class='ocrx_word' id='word_1_46' title='bbox 190 2770 304 2832; x_wconf 85' lang='lat' dir='ltr'><strong>huc</strong></span> <span class='ocrx_word' id='word_1_47' title='bbox 349 2769 524 2828; x_wconf 85' lang='lat' dir='ltr'><strong>misit.</strong></span> <span class='ocrx_word' id='word_1_48' title='bbox 572 2765 992 2828; x_wconf 83' lang='lat' dir='ltr'><strong>Meministin&#39;?</strong></span> <span class='ocrx_word' id='word_1_49' title='bbox 1041 2764 1234 2824; x_wconf 79' lang='lat' dir='ltr'>aiebas</span> <span class='ocrx_word' id='word_1_50' title='bbox 1271 2765 1557 2846; x_wconf 84' lang='lat' dir='ltr'>Tempore</span> <span class='ocrx_word' id='word_1_51' title='bbox 1622 2767 1903 2828; x_wconf 81' lang='lat' dir='ltr'><strong>utendum</strong></span> <span class='ocrx_word' id='word_1_52' title='bbox 1947 2793 1963 2826; x_wconf 87' lang='lat'>=</span> <span class='ocrx_word' id='word_1_53' title='bbox 2005 2769 2122 2829; x_wconf 79' lang='lat' dir='ltr'><strong>labi</strong></span> <span class='ocrx_word' id='word_1_54' title='bbox 2178 2769 2240 2829; x_wconf 90' lang='lat' dir='ltr'><strong>id</strong></span> <span class='ocrx_word' id='word_1_55' title='bbox 2282 2784 2339 2830; x_wconf 91' lang='lat' dir='ltr'><strong>et</strong></span> 
     </span>
     <span class='ocr_line' id='line_1_13' title="bbox 193 2873 2339 2956; baseline 0 -21"><span class='ocrx_word' id='word_1_56' title='bbox 193 2875 410 2944; x_wconf 86' lang='lat' dir='ltr'><strong>fluere;</strong></span> <span class='ocrx_word' id='word_1_57' title='bbox 441 2896 548 2935; x_wconf 87' lang='lat' dir='ltr'><strong>nec</strong></span> <span class='ocrx_word' id='word_1_58' title='bbox 578 2873 664 2933; x_wconf 79' lang='lat' dir='ltr'><strong>fas</strong></span> <span class='ocrx_word' id='word_1_59' title='bbox 692 2873 918 2956; x_wconf 81' lang='lat' dir='ltr'><strong>lapsum</strong></span> <span class='ocrx_word' id='word_1_60' title='bbox 945 2893 1200 2952; x_wconf 78' lang='lat' dir='ltr'><strong>unquam</strong></span> <span class='ocrx_word' id='word_1_61' title='bbox 1233 2893 1525 2932; x_wconf 79' lang='lat' dir='ltr'><strong>revocare.</strong></span> <span class='ocrx_word' id='word_1_62' title='bbox 1560 2873 1739 2934; x_wconf 80' lang='lat' dir='ltr'><strong>Pareo</strong></span> <span class='ocrx_word' id='word_1_63' title='bbox 1768 2875 1963 2956; x_wconf 78' lang='lat' dir='ltr'><strong>igitur,</strong></span> <span class='ocrx_word' id='word_1_64' title='bbox 1990 2889 2049 2934; x_wconf 85' lang='lat' dir='ltr'><strong>et</strong></span> <span class='ocrx_word' id='word_1_65' title='bbox 2071 2878 2155 2937; x_wconf 87' lang='lat' dir='ltr'><strong>uti</strong></span> <span class='ocrx_word' id='word_1_66' title='bbox 2192 2875 2339 2938; x_wconf 84' lang='lat' dir='ltr'><strong>frui-</strong></span> 
     </span>
     <span class='ocr_line' id='line_1_14' title="bbox 193 2977 2332 3062; baseline 0.001 -21"><span class='ocrx_word' id='word_1_67' title='bbox 193 3003 306 3062; x_wconf 84' lang='lat' dir='ltr'><strong>que</strong></span> <span class='ocrx_word' id='word_1_68' title='bbox 335 2981 600 3054; x_wconf 85' lang='lat' dir='ltr'><strong>meditor,</strong></span> <span class='ocrx_word' id='word_1_69' title='bbox 653 2992 711 3039; x_wconf 87' lang='lat' dir='ltr'><strong>et</strong></span> <span class='ocrx_word' id='word_1_70' title='bbox 739 2981 982 3060; x_wconf 79' lang='lat' dir='ltr'><strong>primam</strong></span> <span class='ocrx_word' id='word_1_71' title='bbox 1011 3001 1298 3061; x_wconf 82' lang='lat' dir='ltr'><strong>quamque</strong></span> <span class='ocrx_word' id='word_1_72' title='bbox 1329 2979 1531 3038; x_wconf 83' lang='lat' dir='ltr'><strong>horam</strong></span> <span class='ocrx_word' id='word_1_73' title='bbox 1569 2977 1739 3040; x_wconf 77' lang='lat' dir='ltr'><strong>Bonae</strong></span> <span class='ocrx_word' id='word_1_74' title='bbox 1766 2979 1951 3041; x_wconf 82' lang='lat' dir='ltr'><strong>Menti</strong></span> <span class='ocrx_word' id='word_1_75' title='bbox 1980 3004 2332 3046; x_wconf 79' lang='lat' dir='ltr'><strong>consecrare.</strong></span> 
     </span>
     <span class='ocr_line' id='line_1_15' title="bbox 193 3081 2336 3170; baseline 0.002 -22"><span class='ocrx_word' id='word_1_76' title='bbox 193 3088 344 3164; x_wconf 85' lang='lat' dir='ltr'><strong>Quid</strong></span> <span class='ocrx_word' id='word_1_77' title='bbox 363 3090 482 3148; x_wconf 89' lang='lat' dir='ltr'><strong>scio</strong></span> <span class='ocrx_word' id='word_1_78' title='bbox 507 3111 582 3148; x_wconf 79' lang='lat' dir='ltr'><strong>an</strong></span> <span class='ocrx_word' id='word_1_79' title='bbox 601 3109 728 3148; x_wconf 76' lang='lat' dir='ltr'><strong>cras</strong></span> <span class='ocrx_word' id='word_1_80' title='bbox 749 3132 766 3160; x_wconf 90' lang='lat'><strong>‚</strong></span> <span class='ocrx_word' id='word_1_81' title='bbox 791 3110 866 3147; x_wconf 86' lang='lat' dir='ltr'><strong>an</strong></span> <span class='ocrx_word' id='word_1_82' title='bbox 893 3110 928 3146; x_wconf 83' lang='lat' dir='ltr'>a</span> <span class='ocrx_word' id='word_1_83' title='bbox 955 3086 1194 3148; x_wconf 85' lang='lat' dir='ltr'><strong>meridie</strong></span> <span class='ocrx_word' id='word_1_84' title='bbox 1225 3086 1457 3146; x_wconf 82' lang='lat' dir='ltr'><strong>licebit?</strong></span> <span class='ocrx_word' id='word_1_85' title='bbox 1486 3081 1677 3161; x_wconf 86' lang='lat' dir='ltr'><strong>Quum</strong></span> <span class='ocrx_word' id='word_1_86' title='bbox 1696 3090 1967 3170; x_wconf 85' lang='lat' dir='ltr'><strong>temporis</strong></span> <span class='ocrx_word' id='word_1_87' title='bbox 1984 3089 2085 3149; x_wconf 83' lang='lat' dir='ltr'><strong>illa</strong></span> <span class='ocrx_word' id='word_1_88' title='bbox 2112 3092 2336 3152; x_wconf 76' lang='lat' dir='ltr'><strong>veloci-</strong></span> 
     </span>
     <span class='ocr_line' id='line_1_16' title="bbox 147 3181 2334 3274; baseline 0.001 -19"><span class='ocrx_word' id='word_1_89' title='bbox 147 3197 162 3212; x_wconf 79' lang='grc'><em>”</em></span> <span class='ocrx_word' id='word_1_90' title='bbox 195 3209 280 3255; x_wconf 82' lang='lat' dir='ltr'><strong>tas</strong></span> <span class='ocrx_word' id='word_1_91' title='bbox 322 3197 509 3255; x_wconf 75' lang='lat' dir='ltr'><strong>animo</strong></span> <span class='ocrx_word' id='word_1_92' title='bbox 539 3195 892 3265; x_wconf 81' lang='lat' dir='ltr'><strong>obversatur,</strong></span> <span class='ocrx_word' id='word_1_93' title='bbox 917 3181 1098 3274; x_wconf 78' lang='lat' dir='ltr'><strong>quum</strong></span> <span class='ocrx_word' id='word_1_94' title='bbox 1124 3195 1339 3252; x_wconf 82' lang='lat' dir='ltr'><strong>ineerta</strong></span> <span class='ocrx_word' id='word_1_95' title='bbox 1359 3192 1477 3252; x_wconf 84' lang='lat' dir='ltr'><strong>haec</strong></span> <span class='ocrx_word' id='word_1_96' title='bbox 1500 3204 1559 3252; x_wconf 85' lang='lat' dir='ltr'><strong>et</strong></span> <span class='ocrx_word' id='word_1_97' title='bbox 1577 3194 1847 3256; x_wconf 78' lang='lat' dir='ltr'><strong>insidiosa</strong></span> <span class='ocrx_word' id='word_1_98' title='bbox 1864 3197 2207 3272; x_wconf 75' lang='lat' dir='ltr'><strong>mortalitas,</strong></span> <span class='ocrx_word' id='word_1_99' title='bbox 2233 3221 2334 3259; x_wconf 84' lang='lat' dir='ltr'><strong>cur</strong></span> 
     </span>
     <span class='ocr_line' id='line_1_17' title="bbox 197 3299 2337 3384; baseline 0.003 -23"><span class='ocrx_word' id='word_1_100' title='bbox 197 3325 310 3363; x_wconf 80' lang='lat' dir='ltr'><strong>non</strong></span> <span class='ocrx_word' id='word_1_101' title='bbox 326 3302 670 3384; x_wconf 86' lang='lat' dir='ltr'><strong>properem?</strong></span> <span class='ocrx_word' id='word_1_102' title='bbox 687 3323 861 3382; x_wconf 88' lang='lat' dir='ltr'><strong>quem</strong></span> <span class='ocrx_word' id='word_1_103' title='bbox 879 3299 1054 3360; x_wconf 79' lang='lat' dir='ltr'><strong>futuri</strong></span> <span class='ocrx_word' id='word_1_104' title='bbox 1071 3301 1343 3380; x_wconf 88' lang='lat' dir='ltr'><strong>temporis</strong></span> <span class='ocrx_word' id='word_1_105' title='bbox 1360 3299 1609 3381; x_wconf 81' lang='lat' dir='ltr'><strong>praedem</strong></span> <span class='ocrx_word' id='word_1_106' title='bbox 1630 3305 1887 3383; x_wconf 81' lang='lat' dir='ltr'><strong>accipio?</strong></span> <span class='ocrx_word' id='word_1_107' title='bbox 1914 3331 1941 3359; x_wconf 72' lang='grc' dir='ltr'><strong>ιι</strong></span> <span class='ocrx_word' id='word_1_108' title='bbox 1964 3305 2117 3366; x_wconf 86' lang='lat' dir='ltr'><strong>Dum</strong></span> <span class='ocrx_word' id='word_1_109' title='bbox 2138 3305 2337 3367; x_wconf 79' lang='lat' dir='ltr'><strong>differ-</strong></span> 
     </span>
     <span class='ocr_line' id='line_1_18' title="bbox 197 3405 2333 3493; baseline 0.001 -23"><span class='ocrx_word' id='word_1_110' title='bbox 197 3423 290 3470; x_wconf 83' lang='lat' dir='ltr'><strong>tur</strong></span> <span class='ocrx_word' id='word_1_111' title='bbox 315 3411 464 3482; x_wconf 83' lang='lat' dir='ltr'><strong>vita,</strong></span> <span class='ocrx_word' id='word_1_112' title='bbox 495 3410 850 3468; x_wconf 80' lang='lat' dir='ltr'><strong>transcurrit.</strong></span> <span class='ocrx_word' id='word_1_113' title='bbox 873 3435 902 3462; x_wconf 71' lang='grc' dir='ltr'><strong>ι»</strong></span> <span class='ocrx_word' id='word_1_114' title='bbox 933 3406 1106 3491; x_wconf 89' lang='lat' dir='ltr'><strong>(Sen.</strong></span> <span class='ocrx_word' id='word_1_115' title='bbox 1143 3405 1330 3488; x_wconf 82' lang='lat' dir='ltr'><strong>Epist.</strong></span> <span class='ocrx_word' id='word_1_116' title='bbox 1364 3407 1447 3488; x_wconf 91' lang='lat'><strong>1.)</strong></span> <span class='ocrx_word' id='word_1_117' title='bbox 1480 3406 1636 3470; x_wconf 69' lang='lat' dir='ltr'><strong>st.</strong></span> <span class='ocrx_word' id='word_1_118' title='bbox 1670 3408 1719 3467; x_wconf 94' lang='lat' dir='ltr'><strong>O</strong></span> <span class='ocrx_word' id='word_1_119' title='bbox 1746 3433 1879 3471; x_wconf 86' lang='lat' dir='ltr'><strong>vere</strong></span> <span class='ocrx_word' id='word_1_120' title='bbox 1898 3454 1915 3485; x_wconf 93' lang='lat'>,</span> <span class='ocrx_word' id='word_1_121' title='bbox 1948 3411 2090 3493; x_wconf 87' lang='lat' dir='ltr'><strong>quid</strong></span> <span class='ocrx_word' id='word_1_122' title='bbox 2112 3426 2333 3486; x_wconf 83' lang='lat' dir='ltr'><strong>autem,</strong></span> 
     </span>
     <span class='ocr_line' id='line_1_19' title="bbox 201 3515 2332 3599; baseline 0.001 -23"><span class='ocrx_word' id='word_1_123' title='bbox 201 3517 333 3578; x_wconf 88' lang='lat' dir='ltr'><strong>dum</strong></span> <span class='ocrx_word' id='word_1_124' title='bbox 369 3517 612 3597; x_wconf 85' lang='lat' dir='ltr'><strong>eripitur</strong></span> <span class='ocrx_word' id='word_1_125' title='bbox 639 3517 756 3576; x_wconf 79' lang='lat' dir='ltr'><strong>vita</strong></span> <span class='ocrx_word' id='word_1_126' title='bbox 777 3558 794 3591; x_wconf 90' lang='lat'>‚</span> <span class='ocrx_word' id='word_1_127' title='bbox 822 3537 896 3576; x_wconf 76' lang='lat' dir='ltr'><strong>an</strong></span> <span class='ocrx_word' id='word_1_128' title='bbox 918 3537 1035 3574; x_wconf 89' lang='lat' dir='ltr'><strong>non</strong></span> <span class='ocrx_word' id='word_1_129' title='bbox 1061 3517 1397 3576; x_wconf 82' lang='lat' dir='ltr'><strong>transcurrit</strong></span> <span class='ocrx_word' id='word_1_130' title='bbox 1415 3515 1439 3574; x_wconf 69' lang='grc' dir='ltr'><strong><em>Ρ</em></strong></span> <span class='ocrx_word' id='word_1_131' title='bbox 1460 3515 1587 3574; x_wconf 86' lang='lat' dir='ltr'><strong>Hoc</strong></span> <span class='ocrx_word' id='word_1_132' title='bbox 1610 3516 1775 3576; x_wconf 87' lang='lat' dir='ltr'><strong>nobis</strong></span> <span class='ocrx_word' id='word_1_133' title='bbox 1797 3517 1893 3590; x_wconf 86' lang='lat' dir='ltr'><strong>fit,</strong></span> <span class='ocrx_word' id='word_1_134' title='bbox 1926 3539 2069 3599; x_wconf 85' lang='lat' dir='ltr'><strong>quos</strong></span> <span class='ocrx_word' id='word_1_135' title='bbox 2088 3518 2289 3580; x_wconf 80' lang='lat' dir='ltr'><strong>litterae</strong></span> <span class='ocrx_word' id='word_1_136' title='bbox 2314 3561 2332 3592; x_wconf 86' lang='lat'>,</span> 
     </span>
     <span class='ocr_line' id='line_1_20' title="bbox 203 3621 2338 3705; baseline -0.002 -19"><span class='ocrx_word' id='word_1_137' title='bbox 203 3646 486 3687; x_wconf 74' lang='lat' dir='ltr'><strong>sermones</strong></span> <span class='ocrx_word' id='word_1_138' title='bbox 509 3667 528 3696; x_wconf 88' lang='lat'>‚</span> <span class='ocrx_word' id='word_1_139' title='bbox 560 3623 682 3684; x_wconf 78' lang='lat' dir='ltr'><strong>aliae</strong></span> <span class='ocrx_word' id='word_1_140' title='bbox 726 3645 874 3682; x_wconf 77' lang='lat' dir='ltr'><strong>curae</strong></span> <span class='ocrx_word' id='word_1_141' title='bbox 901 3622 1006 3682; x_wconf 84' lang='lat' dir='ltr'><strong>vel·</strong></span> <span class='ocrx_word' id='word_1_142' title='bbox 1025 3624 1279 3682; x_wconf 76' lang='lat' dir='ltr'><strong>actiones</strong></span> <span class='ocrx_word' id='word_1_143' title='bbox 1320 3621 1549 3684; x_wconf 82' lang='lat' dir='ltr'><strong>assidue</strong></span> <span class='ocrx_word' id='word_1_144' title='bbox 1575 3637 1859 3705; x_wconf 74' lang='lat' dir='ltr'><strong>occupant</strong></span> <span class='ocrx_word' id='word_1_145' title='bbox 1901 3649 1918 3683; x_wconf 74' lang='lat' dir='ltr'>a</span> <span class='ocrx_word' id='word_1_146' title='bbox 1952 3637 2011 3684; x_wconf 88' lang='lat' dir='ltr'><strong>et</strong></span> <span class='ocrx_word' id='word_1_147' title='bbox 2036 3626 2137 3684; x_wconf 82' lang='lat' dir='ltr'><strong>vix</strong></span> <span class='ocrx_word' id='word_1_148' title='bbox 2174 3624 2338 3684; x_wconf 85' lang='lat' dir='ltr'><strong>seriis</strong></span> 
     </span>
     <span class='ocr_line' id='line_1_21' title="bbox 203 3728 2339 3814; baseline -0 -22"><span class='ocrx_word' id='word_1_149' title='bbox 203 3745 420 3814; x_wconf 82' lang='lat' dir='ltr'><strong>tempus</strong></span> <span class='ocrx_word' id='word_1_150' title='bbox 450 3744 536 3793; x_wconf 87' lang='lat' dir='ltr'><strong>est</strong></span> <span class='ocrx_word' id='word_1_151' title='bbox 563 3731 700 3792; x_wconf 79' lang='lat' dir='ltr'><strong>dare</strong></span> <span class='ocrx_word' id='word_1_152' title='bbox 727 3773 744 3805; x_wconf 94' lang='lat'>,</span> <span class='ocrx_word' id='word_1_153' title='bbox 778 3731 890 3790; x_wconf 87' lang='lat' dir='ltr'><strong>nisi</strong></span> <span class='ocrx_word' id='word_1_154' title='bbox 934 3728 1090 3810; x_wconf 85' lang='lat' dir='ltr'><strong>quod</strong></span> <span class='ocrx_word' id='word_1_155' title='bbox 1137 3729 1481 3810; x_wconf 82' lang='lat' dir='ltr'><strong>relinquitur</strong></span> <span class='ocrx_word' id='word_1_156' title='bbox 1523 3731 1585 3789; x_wconf 88' lang='lat' dir='ltr'><strong>in</strong></span> <span class='ocrx_word' id='word_1_157' title='bbox 1621 3731 1952 3792; x_wconf 78' lang='lat' dir='ltr'><strong>subsecivis,</strong></span> <span class='ocrx_word' id='word_1_158' title='bbox 2003 3759 2031 3785; x_wconf 80' lang='grc' dir='ltr'><strong>«ι</strong></span> <span class='ocrx_word' id='word_1_159' title='bbox 2068 3729 2339 3792; x_wconf 88' lang='lat' dir='ltr'><strong>Omnium</strong></span> 
     </span>
     <span class='ocr_line' id='line_1_22' title="bbox 205 3835 2341 3924; baseline -0.001 -24"><span class='ocrx_word' id='word_1_160' title='bbox 205 3854 600 3921; x_wconf 79' lang='lat' dir='ltr'><strong>occupatorum</strong></span> <span class='ocrx_word' id='word_1_161' title='bbox 620 3884 636 3914; x_wconf 92' lang='lat'><strong>‚</strong></span> <span class='ocrx_word' id='word_1_162' title='bbox 683 3841 764 3900; x_wconf 82' lang='lat' dir='ltr'><strong>ait</strong></span> <span class='ocrx_word' id='word_1_163' title='bbox 793 3839 1040 3898; x_wconf 83' lang='lat' dir='ltr'><strong>Annaeus</strong></span> <span class='ocrx_word' id='word_1_164' title='bbox 1067 3835 1200 3918; x_wconf 90' lang='lat' dir='ltr'><strong>(De</strong></span> <span class='ocrx_word' id='word_1_165' title='bbox 1227 3835 1442 3898; x_wconf 81' lang='lat' dir='ltr'><strong>Brevit.</strong></span> <span class='ocrx_word' id='word_1_166' title='bbox 1484 3838 1605 3898; x_wconf 83' lang='lat' dir='ltr'><strong>Vit.</strong></span> <span class='ocrx_word' id='word_1_167' title='bbox 1644 3861 1773 3921; x_wconf 78' lang='lat' dir='ltr'><strong>cap.</strong></span> <span class='ocrx_word' id='word_1_168' title='bbox 1820 3837 1972 3924; x_wconf 86' lang='lat'>19),</span> <span class='ocrx_word' id='word_1_169' title='bbox 2004 3839 2213 3900; x_wconf 82' lang='lat' dir='ltr'><strong>misera</strong></span> <span class='ocrx_word' id='word_1_170' title='bbox 2256 3851 2341 3900; x_wconf 90' lang='lat' dir='ltr'><strong>est</strong></span> 
     </span>
     <span class='ocr_line' id='line_1_23' title="bbox 207 3945 2340 4026; baseline 0.001 -20"><span class='ocrx_word' id='word_1_171' title='bbox 207 3946 448 4007; x_wconf 82' lang='lat' dir='ltr'><strong>conditio</strong></span> <span class='ocrx_word' id='word_1_172' title='bbox 468 3972 483 4019; x_wconf 88' lang='lat'><strong>;</strong></span> <span class='ocrx_word' id='word_1_173' title='bbox 504 3958 510 3965; x_wconf 82' lang='grc'>’</span> <span class='ocrx_word' id='word_1_174' title='bbox 534 3969 732 4008; x_wconf 81' lang='lat' dir='ltr'><strong>eorum</strong></span> <span class='ocrx_word' id='word_1_175' title='bbox 779 3959 970 4006; x_wconf 81' lang='lat' dir='ltr'><strong>tamen</strong></span> <span class='ocrx_word' id='word_1_176' title='bbox 1016 3945 1334 4008; x_wconf 81' lang='lat' dir='ltr'><strong>miserrima</strong></span> <span class='ocrx_word' id='word_1_177' title='bbox 1356 3989 1373 4018; x_wconf 89' lang='lat'>,</span> <span class='ocrx_word' id='word_1_178' title='bbox 1421 3947 1521 4026; x_wconf 87' lang='lat' dir='ltr'><strong>qui</strong></span> <span class='ocrx_word' id='word_1_179' title='bbox 1555 3967 1663 4006; x_wconf 87' lang='lat' dir='ltr'><strong>nec</strong></span> <span class='ocrx_word' id='word_1_180' title='bbox 1708 3947 1824 4005; x_wconf 84' lang='lat' dir='ltr'><strong>suis</strong></span> <span class='ocrx_word' id='word_1_181' title='bbox 1874 3946 2340 4025; x_wconf 73' lang='lat' dir='ltr'><strong>occupationibus</strong></span> 
     </span>
     <span class='ocr_line' id='line_1_24' title="bbox 208 4052 2339 4135; baseline 0 -22"><span class='ocrx_word' id='word_1_182' title='bbox 208 4054 477 4116; x_wconf 76' lang='lat' dir='ltr'><strong>laborant.</strong></span> <span class='ocrx_word' id='word_1_183' title='bbox 513 4080 541 4108; x_wconf 66' lang='grc' dir='ltr'><strong>»ι</strong></span> <span class='ocrx_word' id='word_1_184' title='bbox 569 4053 756 4115; x_wconf 84' lang='lat' dir='ltr'><strong>Credo</strong></span> <span class='ocrx_word' id='word_1_185' title='bbox 785 4075 920 4114; x_wconf 80' lang='lat' dir='ltr'><strong>eum</strong></span> <span class='ocrx_word' id='word_1_186' title='bbox 945 4052 1018 4114; x_wconf 85' lang='lat' dir='ltr'><strong>de</strong></span> <span class='ocrx_word' id='word_1_187' title='bbox 1038 4073 1132 4112; x_wconf 88' lang='lat' dir='ltr'><strong>me</strong></span> <span class='ocrx_word' id='word_1_188' title='bbox 1159 4052 1455 4132; x_wconf 76' lang='lat' dir='ltr'><strong>scripsisse</strong></span> <span class='ocrx_word' id='word_1_189' title='bbox 1474 4095 1493 4126; x_wconf 85' lang='lat'>‚</span> <span class='ocrx_word' id='word_1_190' title='bbox 1522 4065 1623 4112; x_wconf 75' lang='lat' dir='ltr'><strong>aut</strong></span> <span class='ocrx_word' id='word_1_191' title='bbox 1648 4053 1709 4112; x_wconf 87' lang='lat' dir='ltr'><strong>in</strong></span> <span class='ocrx_word' id='word_1_192' title='bbox 1736 4072 1831 4112; x_wconf 87' lang='lat' dir='ltr'><strong>me</strong></span> <span class='ocrx_word' id='word_1_193' title='bbox 1848 4063 2003 4112; x_wconf 80' lang='lat' dir='ltr'><strong>certe</strong></span> <span class='ocrx_word' id='word_1_194' title='bbox 2025 4056 2295 4135; x_wconf 79' lang='lat' dir='ltr'><strong>competit</strong></span> <span class='ocrx_word' id='word_1_195' title='bbox 2320 4078 2339 4113; x_wconf 70' lang='grc' dir='ltr'>ι</span> 
     </span>
    </p>
   </div>
  </div>
 </body>
</html>
