2667 4475
391 302 522 371 632
1125 298 1429 367 JUSTI
1478 298 1805 367 LIPSII

377 448 479 527 qui
509 468 642 506 cum
671 444 832 505 Livio
863 445 1051 504 Druso
1082 446 1296 526 possim
1342 444 1667 504 exclamare
1692 488 1709 519 ,
1748 472 1777 497 ιι
1806 444 1930 503 Uni
1964 468 2087 506 nec
2122 470 2161 507 a
2194 470 2401 529 puero
2442 449 2587 509 serias
2625 484 2626 491 κ

375 555 701 636 contigisse.
743 578 771 605 n
820 551 997 612 Mane
1029 550 1292 611 surrexi?
1337 549 1490 610 Ecce
1520 552 1721 612 litterae
1744 596 1761 627 ,
1788 552 2125 634 responde.
2158 554 2317 614 Feci
2340 599 2363 627 ,
2388 555 2471 615 ad
2496 558 2585 615 alia

377 683 470 721 me
501 672 661 719 verto
685 683 702 731 3
735 681 883 741 puer
916 682 933 716 ε
968 658 1076 718 Est
1103 658 1312 717 nobilis
1343 658 1433 717 vir
1458 671 1560 718 aut
1586 659 1923 719 adolescens
1956 682 1991 720 e
2024 659 2255 721 Gallia
2272 707 2293 737 ‚
2342 662 2581 723 Genna-

375 768 470 825 nia
489 810 504 839 ‚
535 765 812 826 Sarmatia
839 789 856 824 =
881 766 1006 824 vult
1033 764 1363 835 salutatum.
1400 764 1507 824 Ille
1538 776 1731 824 autem
1752 778 1812 824 et
1832 765 1921 824 illi
1948 810 1966 839 ‚
1998 766 2255 827 libellis
2286 770 2419 829 suis
2437 773 2577 829 Ami-
2625 810 2626 815 κ

372 874 518 931 citiae
543 872 876 953 symbolum
905 872 1266 953 inscriptum.
1303 872 1425 932 Vix
1450 873 1730 955 suspiravi
1760 897 1777 945 ς
1809 893 1885 932 en
1926 896 1963 932 e
2002 872 2233 957 Belgis
2288 878 2444 935 meis
2478 878 2570 935 ali-

374 1002 548 1061 quem
563 1024 580 1053 ,
605 978 771 1039 Heus
794 974 810 1037 Ξ
837 1000 1068 1039 carmen
1091 992 1192 1038 aut
1209 978 1470 1038 libellum
1490 980 1725 1060 scripsi,
1750 979 1899 1061 lege.
1922 980 2093 1054 Quid
2120 984 2321 1042 etiam
2336 984 2365 1041 ?
2384 1006 2561 1051 tense,

375 1100 436 1147 et
471 1086 737 1147 emenda.
764 1086 920 1163 Quid
949 1086 1234 1168 amplius?
1260 1108 1492 1147 carmen
1520 1099 1621 1147 aut
1648 1088 1897 1170 elogium
1928 1090 2299 1169 praescribe.
2324 1091 2561 1153 Absolu-

379 1206 504 1253 tum
533 1216 629 1254 me
657 1215 906 1265 censeo;
938 1194 1084 1263 alius
1115 1217 1132 1251 ε
1165 1192 1312 1253 Mihi
1344 1206 1442 1255 aut
1472 1192 1660 1267 fratri,
1693 1195 1841 1276 patri
1864 1238 1883 1268 ‚
1916 1196 2119 1256 amieo
2152 1196 2551 1279 epitaphium:
2625 1204 2626 1211 ’

383 1299 583 1362 domui
609 1313 710 1360 aut
731 1302 846 1361 arci
870 1344 886 1373 ‚
919 1323 1028 1360 arae
1051 1344 1068 1374 ‚
1102 1302 1554 1382 inscriptionem.
1581 1299 1733 1375 Quid
1755 1300 2043 1361 studiosos
2070 1304 2345 1381 juvenes
2366 1349 2385 1377 ‚
2418 1306 2553 1362 ettui

375 1407 590 1468 similes
641 1406 827 1467 dicam
851 1450 868 1481 ,
917 1406 1028 1466 scis
1058 1427 1230 1487 quam
1274 1408 1344 1465 iis
1374 1418 1640 1488 pateam,
1674 1406 1874 1466 audire
1898 1452 1917 1481 ,
1952 1409 2340 1489 respondere
2368 1454 2387 1483 ,
2422 1411 2551 1469 diri-

375 1535 513 1595 gere
547 1525 606 1573 et
651 1514 714 1573 in
757 1515 850 1573 via
890 1535 1106 1594 ponere
1129 1557 1145 1587 ‚
1194 1536 1371 1595 quam
1410 1526 1626 1573 rectam
1670 1534 1875 1574 censeo
1900 1557 1918 1585 ‚
1952 1512 2327 1575 studiorum.
2378 1515 2547 1593 Hujus

372 1604 546 1679 unius
577 1642 764 1701 operae
793 1620 1034 1681 minime
1075 1620 1224 1680 inter
1267 1642 1467 1679 omnes
1506 1641 1601 1679 me
1639 1621 1885 1702 poenitet
1916 1644 1933 1680 ε
1978 1632 2036 1679 et
2082 1622 2241 1703 quid
2273 1624 2541 1688 interest.

371 1748 513 1786 voce
545 1750 618 1787 an
650 1729 960 1808 scriptione
987 1730 1184 1806 juvem
1217 1750 1234 1784 =
1268 1727 1381 1785 nisi
1410 1726 1569 1807 quod
1595 1726 1709 1785 hac
1732 1725 1806 1785 ad
1836 1726 2032 1807 plures
2066 1726 2326 1789 sortasse
2354 1730 2541 1789 venit?

368 1832 473 1892 sed
521 1832 620 1890 illa
669 1833 718 1891 si
766 1833 843 1891 ad
888 1834 1186 1913 pauciores
1214 1876 1231 1907 ,
1270 1834 1550 1893 efficacius
1598 1846 1657 1893 et
1694 1832 2037 1903 fructuosius
2088 1833 2349 1897 fortasse
2378 1838 2537 1897 venit.

374 1938 514 2004 Haee
543 1936 665 1997 rere
695 1939 812 1999 vita
841 1959 970 1997 mea
999 1950 1086 1997 est
1105 1982 1122 2011 ,
1155 1952 1216 1998 et
1242 1938 1391 1999 ferre
1419 1937 1660 1999 inducor
1690 1962 1707 1997 ε

945 2100 962 2129 2
982 2101 1162 2119 ......
1185 2067 1342 2127 levius
1362 2066 1423 2117 fit
1441 2066 1675 2135 patientia
1696 2103 1713 2129 ,

769 2156 1026 2226 Quidquid
1053 2158 1294 2224 corrigere
1309 2156 1558 2207 estnesas.

373 2271 468 2331 Fit
497 2272 670 2331 etiam
699 2271 982 2352 sapientia
1009 2270 1194 2330 levius
1219 2314 1238 2343 ‚
1269 2291 1443 2351 quam
1470 2292 1577 2350 pro
1604 2291 1734 2329 meo
1761 2269 1997 2330 modulo
2032 2293 2288 2352 usurpo.
2332 2273 2531 2334 seneen

376 2377 708 2458 exemplum
731 2375 872 2436 mihi
897 2377 1293 2456 monitumque
1313 2375 1555 2456 praebuit
1579 2397 1596 2433 ε
1627 2402 1656 2429 ιι
1680 2375 1871 2448 Quum
1888 2419 1907 2448 ‚
1934 2377 2127 2456 inquit
2152 2373 2313 2459 (Ep.
2344 2379 2494 2460 un)
2510 2425 2527 2447 ‚

368 2506 462 2544 me
503 2485 702 2544 amieis
745 2482 916 2560 dedi,
949 2505 1066 2542 non
1096 2495 1288 2542 tamen
1333 2481 1473 2542 mihi
1516 2480 1737 2541 abduco
1772 2505 1787 2540 z
1828 2503 1933 2541 nec
1964 2505 2101 2541 cum
2142 2483 2267 2542 illis
2306 2508 2493 2545 moror
2510 2531 2525 2552 ‚

367 2593 575 2673 quibus
604 2615 698 2652 me
727 2605 952 2674 tempus
981 2589 1214 2672 aliquod
1239 2593 1609 2672 congregavit
1629 2633 1645 2662 ‚
1678 2603 1778 2650 aut
1798 2610 1969 2650 eausa
1998 2611 2073 2650 ex
2106 2593 2305 2652 officio
2328 2609 2479 2654 nata.
2500 2622 2523 2644 ι

366 2697 523 2772 Quid
555 2697 738 2779 ergo?
770 2697 846 2757 ad
887 2719 982 2756 me
1024 2695 1268 2756 subinde
1314 2695 1522 2770 redeo,
1573 2708 1632 2755 et
1660 2697 1721 2755 in
1752 2697 1943 2756 animo
1982 2696 2243 2758 salutare
2271 2699 2489 2780 aliquid
2508 2743 2523 2768 ‚

365 2815 538 2884 atque
579 2804 709 2863 usui
754 2825 884 2864 meo
925 2824 1111 2864 verso.
1163 2801 1393 2862 Leviter
1438 2813 1613 2882 atque
1654 2801 1839 2862 obiter
1866 2802 2101 2884 quidem
2138 2827 2155 2861 =
2192 2803 2305 2864 sed
2344 2827 2517 2864 verso.

363 2909 507 2984 Quis
535 2922 689 2970 vetat
709 2911 963 2991 cupienti
979 2953 998 2982 ‚
1027 2911 1166 2969 etin
1189 2911 1410 2969 theatro
1436 2908 1802 2970 solitudinem
1821 2955 1838 2984 ,
1862 2911 2003 2970 etin
2024 2907 2347 2972 solitudine
2370 2913 2523 2972 the·—

367 3029 518 3076 trum
549 3016 716 3078 esse?
747 3017 1071 3096 Utrumque
1111 3016 1216 3075 tibi
1261 3016 1539 3074 struxeris
1554 3058 1570 3087 ‚
1604 3017 1795 3077 animo
1828 3026 1889 3074 et
1930 3015 2379 3098 cogitationibus
2418 3019 2516 3078 hnc

367 3137 466 3182 aut
493 3123 628 3181 illuc
669 3122 874 3181 missis.
923 3122 1104 3180 Aiunt
1144 3121 1358 3201 apodes
1400 3119 1679 3202 quasdam
1710 3141 1843 3180 aves
1864 3163 1881 3192 ,
1918 3143 1953 3180 a
1986 3143 2051 3180 re
2084 3121 2274 3181 dictas
2294 3169 2314 3198 ‚
2358 3147 2475 3185 esse
2495 3149 2511 3181 τ

363 3247 492 3308 qua
515 3251 693 3310 quum
715 3227 954 3311 longum
985 3240 1085 3286 aut
1111 3227 1339 3286 firmum
1368 3227 1629 3286 insistere
1660 3246 1777 3285 non
1807 3227 2027 3308 possint
2052 3223 2351 3308 (pedibus
2376 3232 2513 3288 enin

365 3335 628 3418 carent),
652 3351 844 3396 tamen
871 3357 1038 3396 muro
1061 3348 1160 3395 aut
1187 3335 1376 3396 arbori
1406 3335 1591 3395 affixae
1605 3379 1623 3407 ‚
1646 3345 1746 3394 aut
1770 3336 1831 3393 in
1862 3356 1992 3394 aere
2016 3355 2313 3416 suspensa
2330 3381 2349 3410 ,
2370 3337 2509 3417 quod

362 3444 498 3502 satis
517 3443 592 3502 sit
609 3445 912 3522 quieseunt
935 3466 950 3500 ι
974 3443 1184 3501 imitari
1209 3463 1511 3524 possumus
1534 3485 1551 3516 ,
1576 3454 1636 3500 et
1656 3453 1891 3523 agentes
1912 3440 2132 3522 aliquid
2156 3455 2260 3500 aut
2276 3439 2509 3524 loquen—

363 3562 446 3608 tes
474 3593 492 3623 ,
523 3548 716 3606 animo
754 3550 1144 3630 interiungere
1170 3571 1185 3618 ;
1219 3561 1276 3606 et
1321 3549 1535 3607 serium
1574 3547 1850 3627 quiddam
1878 3547 2161 3607 meditari.
2202 3549 2507 3632 Cogitatio-

361 3657 532 3714 nibus
559 3653 725 3712 bonis
746 3697 764 3728 ,
813 3655 919 3712 etsi
965 3652 1238 3714 brevibus
1263 3697 1280 3728 ‚
1329 3673 1557 3734 semper
1596 3666 1685 3712 est
1708 3653 1889 3712 locus.
1942 3651 2113 3734 Facio
2162 3655 2375 3736 igitur,
2402 3679 2501 3737 qua

355 3783 589 3842 possum
616 3784 631 3818 :
657 3759 761 3820 sed
795 3771 1010 3841 quanto
1035 3759 1271 3819 liberius
1301 3772 1475 3839 atque
1504 3759 1769 3833 uberius,
1796 3781 1975 3840 quum
1996 3779 2240 3840 vespere
2260 3761 2499 3841 (mom

297 3849 312 3858 ⁹
358 3891 550 3928 meum
573 3866 761 3949 nosti)
781 3865 917 3925 licet
937 3865 1079 3927 mihi
1107 3865 1581 3946 Prodeambulare
1600 3908 1617 3940 ,
1642 3879 1701 3924 et
1718 3867 1932 3924 moenia
1954 3865 2055 3924 illa
2071 3908 2090 3939 ,
2120 3887 2292 3948 agros
2308 3911 2329 3940 ,
2352 3881 2499 3949 prata

355 3973 612 4033 calcare?
635 3975 798 4033 Tunc
819 3971 960 4032 mihi
983 3973 1044 4032 in
1071 3995 1347 4053 pascuum
1374 3995 1567 4031 meum
1593 3973 1881 4032 immissus
1908 3955 2127 4048 videor,
2156 3985 2299 4034 tune
2318 3989 2495 4036 vetera

353 4090 415 4136 et
439 4101 588 4140 nova
619 4082 878 4141 ruminor
905 4091 1079 4164 atque
1107 4080 1258 4161 agito
1284 4122 1301 4153 ,
1333 4092 1471 4160 tunc
1504 4077 1781 4140 Graeciam
1812 4093 1883 4140 et·
1900 4077 2123 4140 Latium
2147 4124 2165 4155 ,
2218 4079 2491 4163 philolog:
