2667 4475
272 847 327 895 ¹7

273 1865 333 1917 18

955 334 1040 402 L.
1093 331 1451 401 ANNAEI
1498 332 1940 403 SENECAE

380 465 806 561 possidetur,
860 488 1064 558 quam
1097 466 1449 557 quaeritur.
1496 464 1849 559 Quantum
1900 464 2165 535 damnis
2203 469 2525 562 ingemis-

380 598 579 671 cunt,
621 604 774 675 quae
807 596 877 651 et
911 603 1155 673 magna
1186 580 1535 665 incidunt,
1557 598 1642 650 .et
1678 582 2002 652 videntur
2044 580 2335 677 majora!
2378 586 2525 653 De-

381 700 626 792 nique,
679 712 754 765 ut
779 702 797 733 ¹
857 696 1036 765 nihil
1082 696 1219 765 illie
1275 697 1547 766 fortuna
1600 695 1952 786 detrahat,
2004 696 2344 792 quidquid
2389 723 2525 767 non

381 815 765 906 acquiritur
787 864 809 899 ‚
851 813 1170 882 damnum
1206 829 1333 883 est.
1384 852 1463 868 —
1512 814 1599 884 At
1634 815 1903 885 felicem
1934 814 2131 884 illum
2164 814 2480 884 homines
2502 867 2521 898 ,

381 946 449 999 et
473 929 756 999 divitem
784 945 1028 999 vocant
1047 980 1066 1012 ‚
1097 944 1168 997 et
1195 932 1523 1023 consequi
1552 944 1788 1023 optant
1804 981 1827 1016 ,
1864 946 2195 1025 quantum
2222 930 2343 1001 ille
2370 954 2531 1025 pos-

381 1046 583 1117 sidet.
603 1084 704 1101 -—
720 1048 992 1117 Fateor.
1023 1046 1218 1139 Quid
1245 1072 1413 1141 ergo
1434 1048 1465 1115 i»
1490 1063 1567 1115 tu
1592 1047 1769 1117 ullos
1789 1072 1937 1117 esee
1969 1048 2381 1119 conditionis
2408 1072 2533 1141 pe-

373 1165 548 1257 joris
579 1164 920 1233 existimas
941 1212 960 1244 ‚
999 1186 1203 1257 quam
1231 1164 1354 1254 qui
1382 1160 1641 1235 habent
1668 1178 1739 1233 et
1770 1165 2113 1235 miseriam
2132 1168 2159 1198 ²
2180 1212 2201 1246 ‚
2232 1178 2305 1232 et
2336 1164 2537 1232 invi-

380 1279 561 1349 diam
580 1281 926 1365 PUfinam,
949 1282 1070 1371 qui
1088 1277 1365 1349 divitias
1380 1282 1679 1373 opta-iri
1696 1272 1719 1315 ³
1744 1294 1996 1365 essent,
2022 1304 2179 1349 cum
2200 1276 2537 1349 divitibus

381 1389 876 1463 deliberarent!
929 1394 1188 1463 utinam
1201 1442 1226 1479 ,
1279 1391 1576 1463 honores
1612 1394 1891 1488 petituri
1908 1442 1929 1476 ,
1966 1416 2123 1463 cum
2156 1392 2539 1463 ambitiosis

385 340 516 405 282

379 1526 449 1579 et
479 1534 814 1579 summum
845 1508 1111 1603 adeptio
1137 1508 1491 1603 dignitatis
1525 1508 1811 1581 statum!
1849 1510 2155 1605 profecto
2186 1526 2341 1579 vota
2374 1534 2543 1579 mu·
2652 1584 2654 1591 ,

381 1637 668 1705 taesent.;
710 1645 919 1713 quum
953 1624 1230 1691 interim
1259 1620 1364 1689 illi
1395 1645 1567 1693 nova
1600 1625 1983 1717 suscipiunt
1997 1674 2018 1708 ,
2054 1648 2267 1719 quum
2294 1624 2543 1717 priora

379 1739 848 1808 damnaverint
865 1729 920 1805 ⁴.
961 1739 1176 1805 Nemo
1211 1739 1417 1805 enim·
1442 1754 1546 1805 eet
1568 1788 1588 1820 ,
1640 1742 1753 1807 cui
1794 1738 2082 1810 felicitae
2116 1764 2235 1809 oua
2258 1788 2277 1820 ‚
2320 1742 2543 1809 etiam

381 1855 438 1922 ai
467 1876 674 1923 cursu
712 1853 936 1935 venit,
977 1851 1365 1921 satisfaciat.
1404 1852 1815 1944 Queruntur
1851 1871 1922 1924 et
1954 1854 2044 1924 de
2080 1853 2427 1941 consiliis,
2474 1872 2545 1924 et

380 1968 468 2037 de
488 1965 916 2061 processibus
934 1968 1074 2035 suis
1087 1957 1112 2001 ⁵
1135 1994 1156 2052 ς
1187 1967 1585 2059 maluntque
1606 1986 1875 2063 semper
1891 1992 2046 2063 quoe
2069 1967 2537 2060 reliquerunt.

477 2086 716 2177 Itaque
763 2083 900 2153 hoc
943 2084 1067 2153 tibi
1113 2081 1554 2178 Philosophia
1586 2085 1935 2179 prestabit
1949 2133 1974 2170 ,
2025 2109 2163 2177 quo
2208 2084 2543 2177 equidem

380 2203 555 2273 nihil
582 2202 798 2298 majus
825 2202 1178 2272 existimo-t
1203 2224 1551 2294 nunquam
1580 2218 1649 2276 te
1678 2202 2038 2297 poenitebit
2061 2204 2187 2271 tui.
2216 2201 2324 2270 Ad
2351 2203 2545 2273 hanc

383 2339 516 2392 tam
541 2319 822 2390 solidam
850 2319 1239 2388 felicitatem
1259 2368 1278 2402 ,
1313 2341 1518 2410 quam
1544 2333 1905 2413 tempestae
1930 2319 2121 2388 nulla
2142 2323 2536 2406 concutiat,

380 2463 520 2508 non
555 2438 936 2533 perducent
979 2452 1048 2505 te
1093 2451 1252 2529 apte
1283 2435 1494 2505 verba
1531 2451 1842 2504 contexta
1866 2485 1885 2518 ‚
1938 2451 2009 2504 et
2055 2437 2270 2504 oratio
2304 2435 2545 2507 fluens

382 2557 652 2626 leniter.
683 2557 858 2623 Eant
876 2604 897 2638 ,
931 2568 1007 2622 ut
1039 2551 1311 2638 volent3
1346 2548 1503 2619 dum
1530 2553 1757 2621 animo
1785 2553 2186 2646 compositio
2215 2575 2339 2620 sua
2368 2577 2545 2623 con-

383 2690 514 2743 etet
532 2722 551 2755 ‚
583 2675 742 2742 dum
764 2675 852 2741 eit
879 2693 1162 2766 magnus
1180 2719 1199 2752 ‚
1233 2684 1305 2738 et
1319 2670 1718 2763 opinionum
1740 2693 2019 2740 securus
2036 2661 2063 2706 ⁶
2080 2719 2103 2756 ,
2136 2685 2203 2739 et
2218 2668 2307 2738 ob
2332 2672 2501 2765 ipen
2514 2725 2537 2758 ,

384 2813 537 2883 quae
571 2789 724 2857 aliis
759 2787 1123 2882 displicent
1142 2836 1161 2871 ,
1203 2787 1334 2856 sibi
1372 2787 1690 2881 placens3
1744 2789 1864 2881 qui
1900 2787 2279 2881 profectum
2326 2811 2543 2858 suum

383 3012 512 3072 σίνε,
543 3018 594 3060 et
627 3025 736 3077 par
754 3007 902 3059 celles
927 3005 1116 3074 qu'elle
1140 3001 1395 3072 possede!
1494 3014 1757 3074 postquam
1772 3003 1941 3077 priora
1957 3003 2341 3071 damnaverint,
2368 3019 2437 3059 nt
2454 3027 2545 3080 po-

453 3105 495 3141 1.
524 3085 600 3138 Ut
623 3085 763 3137 niba.
785 3084 887 3135 Int.
909 3079 1104 3136 etiamsi
1123 3077 1272 3132 nihil.
1496 3094 1543 3135 te
1568 3101 1682 3152 quae
1707 3094 1953 3156 speratam
1986 3083 2279 3136 felicitatem
2306 3083 2543 3140 minime

448 3183 494 3217 2.
513 3161 590 3214 Et
608 3164 880 3217 miseriam
893 3201 908 3224 ,
933 3172 984 3214 et
1004 3159 1277 3212 invidiam.
1301 3157 1401 3209 In-
1495 3163 1762 3216 afferrent.

381 3241 631 3317 ridentur,
648 3241 766 3312 quia
782 3240 955 3293 felices
968 3237 1257 3302 creduntur,
1277 3235 1401 3288 dum
1564 3244 1611 3294 5.
1630 3241 1709 3294 Et
1723 3243 1787 3294 de
1798 3239 2119 3310 processibus
2132 3241 2263 3292 suis.
2280 3237 2543 3308 Quemn-

381 3329 556 3371 contra
583 3318 755 3371 miseri
776 3330 909 3371 eunt.
1498 3333 1579 3372 tur
1600 3319 1740 3390 qnod
1768 3321 1903 3373 bene
1929 3317 2261 3390 processerint
2290 3315 2353 3369 in
2390 3320 2547 3372 obti-

449 3397 496 3450 ³.
523 3398 786 3466 optaturi.
809 3397 895 3449 Sic
920 3394 1102 3448 dedere
1121 3415 1175 3448 a.
1196 3393 1268 3447 R.
1299 3393 1401 3446 Pa-

383 3476 468 3526 lat.
489 3495 518 3527 2
535 3515 551 3542 ‚
581 3478 629 3543 4.
652 3475 765 3529 col.
791 3475 898 3528 Alii
920 3474 1078 3548 vulgo
1106 3475 1403 3544 appetitur-i.

384 3555 547 3612 Scbw.

452 3635 502 3701 4.
527 3633 708 3706 Quum
722 3637 904 3704 priora
924 3634 1300 3685 damnaverint.
1316 3630 1405 3684 Sic

385 3725 503 3765 vett.
524 3712 644 3764 libri
669 3731 844 3765 ornnes
859 3751 874 3776 ,
904 3729 1012 3764 uno
1033 3708 1252 3779 quodam
1277 3709 1407 3762 Pin-

385 3790 519 3843 ciani
540 3801 740 3861 excepto
758 3828 774 3856 ‚
803 3809 830 3842 e
861 3808 964 3859 quo
989 3786 1247 3858 vulgatam
1261 3786 1405 3839 'scri-

385 3883 580 3943 pturam
602 3870 696 3936 quae‘
707 3869 889 3936 prior-a
911 3867 1290 3920 damnaverant
1308 3864 1407 3917 ed·-

384 3947 534 4001 tcivit
567 3947 705 3999 Mur.
747 3943 908 3999 Schw.
929 3973 996 3984 —
1014 3943 1113 3994 Int-
1150 3953 1266 3995 vota
1311 3941 1407 4014 ipsi

377 4017 656 4089 'mutat-ent,
669 4043 828 4095 quum
845 4022 1080 4075 viderent
1095 4019 1212 4074 illos
1225 4019 1406 4073 divites

389 4119 438 4158 et
469 4103 756 4158 ambitiosos
797 4120 932 4154 nova
968 4112 1084 4154 vota
1125 4098 1365 4152 inchoare
1381 4135 1398 4158 .

1502 3399 1685 3453 nendis
1710 3399 1771 3452 iis
1788 3435 1804 3464 ,
1820 3415 1935 3469 qum
1950 3409 2272 3471 optaverantg
2290 3417 2471 3466 quum
2486 3419 2545 3452 ea

1500 3478 1610 3551 ipsa
1636 3497 1741 3530 nou
1774 3475 1897 3529 talia
1927 3475 2119 3528 fuerint
2152 3473 2320 3545 qualia
2350 3497 2545 3551 spera-

1502 3567 1693 3608 verant.

1564 3633 1615 3687 6.
1638 3633 1710 3686 Ee
1722 3633 2019 3704 opinionum
2036 3649 2260 3685 secur-m.
2275 3631 2433 3700 Quid
2452 3635 2543 3688 alii

1502 3709 1566 3762 de
1604 3707 1697 3761 illo
1730 3707 2003 3781 opinentur
2046 3725 2276 3770 securus,
2302 3721 2371 3760 ut
2422 3721 2543 3784 pote

1501 3785 1649 3859 vulgi
1670 3785 1966 3860 opinionem
1986 3803 2245 3859 spernens·
2274 3785 2429 3840 Edit}
2454 3801 2545 3840 ta·—

1502 3885 1621 3920 men
1658 3863 1810 3930 olim,
1852 3877 1901 3916 et
1932 3863 2141 3934 quidam
2168 3862 2367 3937 scripti,
2414 3871 2545 3935 ope·-

1501 3939 1715 3998 ne'on'um
1733 3963 1952 3996 mamm
1968 3961 2197 4008 securus,
2222 3943 2361 4012 quod
2384 3945 2545 4018 plane

1503 4023 1757 4076 diversum
1785 4033 1937 4086 esset,
1970 4019 2291 4094 signentque
2322 4020 2545 4075 firmum

1506 4113 1555 4154 et
1579 4113 1767 4155 certum
1794 4099 2124 4154 decretorum.
2150 4098 2297 4168 Hps.
