2667 4475
759 274 1316 352 EPISTOLA
1362 282 1625 353 XCII.
2192 286 2271 353 61

139 417 409 485 tiuntur.
452 416 622 483 Nam
648 414 909 507 quibua
945 395 1250 506 umentia
1283 436 1423 481 non
1456 428 1559 482 eat
1602 416 1675 482 in
1708 416 2009 509 pejorem
2053 431 2283 485 traus-

145 529 387 599 ferendi
436 546 682 600 statum
703 580 724 613 ,
785 550 878 597 ne
924 527 1411 622 interpellandi
1460 530 1737 622 quidem
1786 534 2139 626 optimum.
2190 570 2267 587 —

150 646 548 741 «Frigidum
569 696 586 726 ,
626 646 851 736 inquit
879 647 928 726 ¹·,
958 642 1256 735 aliquid,
1292 658 1362 712 et
1394 644 1689 714 calidum
1716 648 2065 733 novimus,
2098 649 2281 717 in‘ter

141 778 488 855 utrumque
538 760 844 854 tepidum
895 774 1000 828 est
1042 786 1058 825 ε
1115 760 1212 827 sic
1255 758 1508 851 aliquia
1552 759 1791 829 beatus
1838 777 1977 847 est,
2028 762 2277 856 aliquis

141 882 369 964 miaer3
407 879 660 973 aliquis
687 902 816 946 nec
841 878 1084 959 miser,
1114 898 1244 943 nec
1270 874 1535 943 beatus.
1564 878 1873 947 »-v010
1901 878 2083 947 hanc
2108 904 2278 950 cou-
2329 912 2393 944 20

143 1010 232 1062 tra
273 1018 398 1064 nos
441 996 728 1087 positam
785 992 1150 1085 imaginem
1196 1008 1541 1060 excutere.
1587 994 1659 1062 si
1704 993 1937 1087 tepido
1981 994 2084 1064 illi
2121 998 2275 1090 plue

143 1109 354 1205 frigidi
391 1112 744 1205 ingeaeem
763 1159 786 1194 ‚
827 1108 948 1177 fiet
985 1106 1353 1202 frigidum3
1386 1110 1452 1209 ‘ei
1489 1108 1644 1201 plue
1679 1108 1886 1179 calidi
1921 1112 2267 1197 effudero,

141 1226 246 1293 fiet
272 1226 630 1296 novissime
667 1224 990 1293 calidum.
1033 1223 1120 1292 At
1153 1222 1357 1307 huic,
1399 1246 1530 1291 nec
1568 1226 1815 1294 misero
1854 1250 1985 1297 nec
2020 1228 2221 1298 heato
2246 1282 2267 1313 ,

139 1356 742 1433 quantumcumque
775 1339 870 1408 'ad
907 1340 1216 1409 miserias
1251 1338 1603 1434 adjecem,
1661 1345 1868 1411 miser
1911 1368 2051 1413 non
2094 1350 2263 1428 erit,

136 1458 684 1549 quemadmodum
742 1458 972 1526 dicitis
1016 1484 1033 1522 ι
1093 1480 1260 1551 ergo
1305 1458 1529 1550 imago
1582 1458 2100 1551 ista-dissimilis
2136 1479 2263 1530 eet.

135 1573 376 1644 Deinde
426 1575 626 1644 trado
663 1573 788 1643 tihi
835 1574 1182 1642 hominem
1229 1597 1361 1641 nec
1396 1574 1719 1642 miserum
1765 1598 1893 1643 nec
1928 1575 2197 1643 beatum
2249 1605 2266 1645 ι

137 1688 278 1759 huic
308 1690 562 1785 adjicio
601 1693 1002 1775 caecitatem,
1047 1716 1184 1759 non
1231 1690 1309 1758 fit
1352 1692 1595 1777 miser3
1648 1688 1921 1783 adjicio
1948 1691 2269 1762 debilita-

135 1821 285 1886 tem,
317 1826 456 1875 non
485 1808 569 1876 fit
607 1808 859 1892 miaer3
896 1806 1148 1898 adjicio
1177 1806 1455 1874 dolores
1482 1807 1839 1875 continuos
1872 1821 1941 1875 et
1978 1832 2220 1901 graves
2237 1858 2262 1893 ‚

137 1924 318 1991 miser
346 1948 487 1993 non
523 1925 628 1992 fit.
671 1923 906 2017 Quem
941 1938 1078 1991 tam
1119 1922 1330 1991 multa
1374 1922 1547 1991 mala
1592 1925 1665 1990 in
1704 1925 2017 1992 miseram
2061 1926 2266 1993 vitam
2318 1958 2377 1991 αι

140 2063 260 2107 non
291 2043 748 2124 transferunt,
808 2064 896 2108 ne
943 2065 1026 2109 ex
1077 2040 1276 2109 beata
1314 2040 1591 2131 quidem
1635 2040 1958 2109 educunt.
2009 2043 2082 2111 Si
2131 2067 2267 2111 non

135 2171 330 2247 potest
346 2202 382 2242 ,-
405 2175 484 2227 ut
511 2156 741 2227 dicitis
763 2207 782 2241 ,
825 2158 1095 2250 sapiens
1121 2179 1200 2225 ex
1226 2155 1425 2225 beato
1455 2159 1528 2224 in
1557 2158 1877 2227 miserum
1908 2158 2260 2244 decidere,

137 2294 256 2340 non
275 2291 494 2367 potest
524 2277 601 2344 in
629 2298 770 2344 non
805 2273 1104 2342 beatum.
1140 2272 1379 2366 Quare
1402 2275 1584 2343 euim
1606 2325 1625 2354 ,
1665 2277 1785 2367 qui
1816 2276 1934 2344 illa
1972 2280 1997 2310 ⁸
2019 2278 2221 2369 coepit
2240 2327 2259 2361 ,

137 2388 363 2459 alicubi
398 2391 766 2460 subsistat?
814 2389 991 2483 Quae
1037 2411 1148 2457 res
1185 2389 1382 2457 illum
1424 2413 1560 2456 non
1610 2391 1871 2482 patitur
1912 2390 2000 2458 ad
2052 2393 2263 2460 imum

139 2505 416 2596 devolvi,
464 2509 718 2577 retinet
763 2508 838 2575 in
874 2499 1208 2574 summo³.
1259 2505 1525 2598 Quidni
1548 2501 1573 2548 ‘²
1610 2529 1749 2574 non
1801 2509 2016 2599 possit
2066 2508 2263 2576 beata

135 2623 252 2691 vita
283 2625 630 2695 rescindi?
674 2649 762 2692 ne
802 2625 1056 2693 remitti
1095 2621 1374 2714 quidem
1412 2636 1634 2714 potest
1671 2650 1687 2688 ε
1730 2638 1800 2691 et
1831 2622 1987 2692 ideo
2028 2625 2261 2694 Virtus

133 2739 206 2806 ad
231 2741 404 2811 illam
434 2768 564 2837 per
597 2766 670 2811 se
711 2740 860 2834 ipsa
898 2741 1059 2808 satie
1094 2754 1219 2807 eet.
1246 2714 1339 2793 -⁸-
1366 2765 1399 2803 «
1425 2738 1619 2832 Quid
1665 2763 1833 2833 ergo
1856 2733 1880 2776 ⁵
1910 2743 1961 2809 P·
1985 2735 2211 2836 inquit
2234 2794 2253 2827 ,

135 2857 390 2950 Sapiens
423 2883 567 2928 non
605 2875 709 2927 est
738 2857 1042 2938 beatior,
1092 2858 1214 2949 qui
1251 2857 1511 2925 diutius
1542 2859 1751 2940 vixit,
1792 2883 1993 2951 quem
2031 2862 2261 2931 nullus

129 2979 408 3046 avocavit
443 2974 681 3061 dolor,
719 2999 921 3072 quam
950 2975 1066 3043 ille
1087 3023 1107 3058 ,
1147 2973 1266 3067 qui
1291 2998 1444 3042 cum
1478 2973 1654 3042 mala
1684 2971 1950 3044 fortuna
1988 3001 2258 3071 semper

187 3211 220 3243 ι.
241 3195 514 3265 Frigidum
527 3233 543 3257 ,
573 3195 789 3264 inquit...
815 3211 906 3246 nec
927 3193 1130 3245 beams.
1297 3191 1495 3262 ἅρμα
1507 3211 1639 3245 res...
1656 3195 1709 3244 in
1723 3211 1945 3247 summo.
1962 3195 2105 3248 Idem
2122 3198 2260 3266 quod

127 3273 335 3344 Inprimis
372 3274 810 3329 Aristotelicorum
848 3273 986 3326 hauc
1025 3291 1130 3325 esse
1231 3270 1447 3344 impedit
1478 3289 1545 3321 ne
1580 3270 1733 3324 miser
1758 3269 1874 3334 fiat,
1904 3291 1969 3326 ne
2000 3276 2059 3327 ad
2098 3275 2261 3328 imum

127 3349 440 3422 objectionem
467 3365 617 3424 patet.
645 3351 824 3404 Ruhk.
1231 3347 1543 3400 infelicitatis
1567 3349 1889 3415 devolvatur,
1921 3351 2058 3404 idem
2090 3352 2261 3426 impe-

180 3447 222 3479 2.
248 3428 356 3499 Qui
371 3433 471 3484 illa
487 3429 600 3496 (illa
619 3469 636 3492 ,
665 3449 780 3482 cum
807 3425 1130 3481 circumflexa
1232 3425 1308 3478 dit
1329 3465 1345 3492 ,
1370 3445 1531 3496 quum
1572 3447 1771 3481 summa
1814 3430 2001 3482 fruitur
2034 3431 2263 3487 beatitu-

125 3513 254 3566 nota)
275 3512 444 3577 caepit,
479 3506 681 3560 alicubi
705 3507 964 3563 subsistat
985 3506 1016 3558 Ρ
1043 3505 1128 3559 sie
1232 3505 1384 3570 dine,
1410 3525 1477 3558 ne
1500 3507 1629 3576 quid
1650 3507 1727 3560 ini
1752 3508 2073 3574 detrahatur,
2108 3531 2171 3564 ue
2202 3533 2261 3565 ex

123 3585 348 3639 πυλίδι-ἱ
369 3606 564 3638 omues.
581 3585 624 3638 l.
647 3607 690 3638 e.
707 3585 800 3655 qui
823 3605 880 3638 ea
896 3584 979 3636 via
996 3583 1133 3635 iuce-
1232 3587 1332 3639 hoe
1361 3585 1499 3655 apice
1526 3586 1685 3640 beatae
1710 3587 1827 3641 vite
1851 3602 2163 3643 amoveatur.

125 3662 224 3718 dere
249 3667 428 3738 coepit,
455 3665 564 3718 scil.
593 3665 686 3736 qui
709 3685 768 3717 ex
796 3663 948 3716 beato
985 3662 1134 3734 coepit
1298 3661 1346 3725 4.
1386 3661 1633 3732 Quidni..
1650 3699 1686 3713 ..
1723 3668 1987 3720 rescindi?
2024 3667 2261 3736 Obiectio

34 3765 44 3774 ·
125 3739 329 3797 decidere
367 3744 422 3797 iu
451 3763 563 3796 uon
590 3741 812 3795 beatum.
837 3741 1012 3812 Vulgo
1041 3744 1137 3809 qui
1231 3741 1661 3795 Academicorum
1686 3762 1791 3796 esse
1812 3744 2013 3799 videtur
2046 3760 2094 3800 et
2119 3747 2263 3800 Peri-

123 3821 220 3872 1ώί
230 3827 394 3891 coepit,
408 3843 468 3874 ex
480 3821 590 3894 ing.
604 3821 738 3872 Mur.
755 3818 986 3871 S.—-Cur
999 3817 1134 3870 desi·
1231 3819 1584 3892 pateticorum.
1608 3821 1787 3874 Ruhk.

123 3910 193 3948 net
211 3899 490 3954 decrescere
509 3897 791 3964 beatitudo,
809 3915 1007 3969 semper
1023 3889 1132 3949 cre·
1299 3899 1349 3951 5.
1384 3899 1535 3968 Quid
1558 3919 1681 3969 ergo
1696 3898 1777 3951 ?...
1798 3904 2026 3954 luctatus
2042 3901 2163 3953 est?
2193 3901 2261 3953 Et

120 3978 345 4030 uentibus
363 3977 517 4031 melis
533 4016 550 4040 ,
575 3976 618 4029 si
642 3975 696 4028 id
715 3975 872 4028 semel
891 3973 1028 4036 mala
1045 3995 1134 4048 po·
1238 3976 1347 4030 hirc
1376 3989 1451 4029 est
1472 3975 1691 4048 objectio
1715 3977 2005 4032 Academia
2028 3990 2076 4029 et
2093 3977 2264 4047 Lycei.

120 4061 302 4107 tueruut
322 4094 337 4122 ‚
359 4067 416 4110 ut
440 4043 808 4110 beatitudinem
827 4054 1133 4107 minuerent.
1243 4053 1324 4105 Cf.
1348 4053 1508 4127 Lipsii
1534 4053 1749 4108 Manud.
1773 4055 1847 4107 lu
1867 4093 1882 4121 ,
1913 4055 1957 4108 3.
1983 4054 2163 4107 Ruhlr.
