<?xml version="1.0" encoding="UTF-8"?>
<!DOCTYPE html PUBLIC "-//W3C//DTD XHTML 1.0 Transitional//EN"
    "http://www.w3.org/TR/xhtml1/DTD/xhtml1-transitional.dtd">
<html xmlns="http://www.w3.org/1999/xhtml" xml:lang="en" lang="en">
 <head>
  <title>
</title>
<meta http-equiv="Content-Type" content="text/html;charset=utf-8" />
  <meta name='ocr-system' content='tesseract 3.04.00' />
  <meta name='ocr-capabilities' content='ocr_page ocr_carea ocr_par ocr_line ocrx_word'/>
</head>
<body>
  <div class='ocr_page' id='page_1' title='image "./lannaeisenecaeo04bouigoog_0098.png"; bbox 0 0 2667 4475; ppageno 0'>
   <div class='ocr_carea' id='block_1_1' title="bbox 1650 0 2629 4">
    <p class='ocr_par' dir='ltr' id='par_1_1' title="bbox 1650 0 2629 4">
     <span class='ocr_line' id='line_1_1' title="bbox 1650 0 2629 4; baseline 0 0"><span class='ocrx_word' id='word_1_1' title='bbox 1650 0 2629 4; x_wconf 95' lang='lat' dir='ltr'> </span> 
     </span>
    </p>
   </div>
   <div class='ocr_carea' id='block_1_2' title="bbox 759 307 2275 403">
    <p class='ocr_par' dir='ltr' id='par_1_2' title="bbox 759 307 2275 403">
     <span class='ocr_line' id='line_1_2' title="bbox 759 307 2275 403; baseline 0.001 -26"><span class='ocrx_word' id='word_1_2' title='bbox 759 307 1295 379; x_wconf 80' lang='lat' dir='ltr'><strong>EPISTOLA</strong></span> <span class='ocrx_word' id='word_1_3' title='bbox 1343 308 1634 379; x_wconf 78' lang='lat' dir='ltr'>XCIV.</span> <span class='ocrx_word' id='word_1_4' title='bbox 2187 314 2275 403; x_wconf 77' lang='lat'>37</span> 
     </span>
    </p>
   </div>
   <div class='ocr_carea' id='block_1_3' title="bbox 151 422 2278 533">
    <p class='ocr_par' dir='ltr' id='par_1_3' title="bbox 151 422 2278 533">
     <span class='ocr_line' id='line_1_3' title="bbox 151 422 2278 533; baseline -0.001 -23"><span class='ocrx_word' id='word_1_5' title='bbox 151 439 402 511; x_wconf 81' lang='lat' dir='ltr'>reddita</span> <span class='ocrx_word' id='word_1_6' title='bbox 437 459 536 509; x_wconf 77' lang='lat' dir='ltr'>eat</span> <span class='ocrx_word' id='word_1_7' title='bbox 591 466 606 507; x_wconf 74' lang='grc' dir='ltr'>ε</span> <span class='ocrx_word' id='word_1_8' title='bbox 651 441 708 507; x_wconf 77' lang='lat' dir='ltr'>si</span> <span class='ocrx_word' id='word_1_9' title='bbox 747 439 948 507; x_wconf 79' lang='lat' dir='ltr'>falsas</span> <span class='ocrx_word' id='word_1_10' title='bbox 995 440 1353 533; x_wconf 73' lang='lat' dir='ltr'><strong>opiniones</strong></span> <span class='ocrx_word' id='word_1_11' title='bbox 1390 422 1825 521; x_wconf 75' lang='lat' dir='ltr'>exclusimus,</span> <span class='ocrx_word' id='word_1_12' title='bbox 1870 461 2009 505; x_wconf 89' lang='lat' dir='ltr'>non</span> <span class='ocrx_word' id='word_1_13' title='bbox 2052 440 2278 507; x_wconf 76' lang='lat' dir='ltr'>statim</span> 
     </span>
    </p>
   </div>
   <div class='ocr_carea' id='block_1_4' title="bbox 150 554 2280 761">
    <p class='ocr_par' dir='ltr' id='par_1_4' title="bbox 150 554 2280 761">
     <span class='ocr_line' id='line_1_4' title="bbox 151 554 2277 651; baseline -0.001 -27"><span class='ocrx_word' id='word_1_14' title='bbox 151 558 438 648; x_wconf 85' lang='lat' dir='ltr'>sequitur</span> <span class='ocrx_word' id='word_1_15' title='bbox 461 558 806 651; x_wconf 76' lang='lat' dir='ltr'><strong>dispectus</strong></span> <span class='ocrx_word' id='word_1_16' title='bbox 831 580 1060 625; x_wconf 89' lang='lat' dir='ltr'>rernm</span> <span class='ocrx_word' id='word_1_17' title='bbox 1089 554 1511 649; x_wconf 78' lang='lat' dir='ltr'>agendarum</span> <span class='ocrx_word' id='word_1_18' title='bbox 1538 580 1553 623; x_wconf 73' lang='grc' dir='ltr'>ε</span> <span class='ocrx_word' id='word_1_19' title='bbox 1576 572 1654 623; x_wconf 86' lang='lat' dir='ltr'>ut</span> <span class='ocrx_word' id='word_1_20' title='bbox 1672 570 2024 649; x_wconf 74' lang='lat' dir='ltr'>sequatur,</span> <span class='ocrx_word' id='word_1_21' title='bbox 2051 570 2277 625; x_wconf 86' lang='lat' dir='ltr'>tamen</span> 
     </span>
     <span class='ocr_line' id='line_1_5' title="bbox 150 668 2280 761; baseline -0 -24"><span class='ocrx_word' id='word_1_22' title='bbox 150 670 499 740; x_wconf 79' lang='lat' dir='ltr'><strong>admonitio</strong></span> <span class='ocrx_word' id='word_1_23' title='bbox 527 670 1000 740; x_wconf 82' lang='lat' dir='ltr'>corroborabit</span> <span class='ocrx_word' id='word_1_24' title='bbox 1025 686 1282 739; x_wconf 85' lang='lat' dir='ltr'>rectam</span> <span class='ocrx_word' id='word_1_25' title='bbox 1309 669 1398 738; x_wconf 87' lang='lat' dir='ltr'>de</span> <span class='ocrx_word' id='word_1_26' title='bbox 1423 668 1625 737; x_wconf 74' lang='lat' dir='ltr'>bonis</span> <span class='ocrx_word' id='word_1_27' title='bbox 1650 668 1981 761; x_wconf 69' lang='lat' dir='ltr'>malisque</span> <span class='ocrx_word' id='word_1_28' title='bbox 2005 682 2280 737; x_wconf 69' lang='lat' dir='ltr'>centen-</span> 
     </span>
    </p>
   </div>
   <div class='ocr_carea' id='block_1_5' title="bbox 90 786 2285 2288">
    <p class='ocr_par' dir='ltr' id='par_1_5' title="bbox 154 786 2283 1348">
     <span class='ocr_line' id='line_1_6' title="bbox 157 786 2277 881; baseline 0 -28"><span class='ocrx_word' id='word_1_29' title='bbox 157 788 318 855; x_wconf 86' lang='lat' dir='ltr'>tiam.</span> <span class='ocrx_word' id='word_1_30' title='bbox 358 786 542 857; x_wconf 86' lang='lat' dir='ltr'>Illud</span> <span class='ocrx_word' id='word_1_31' title='bbox 579 812 853 881; x_wconf 89' lang='lat' dir='ltr'>quoque</span> <span class='ocrx_word' id='word_1_32' title='bbox 899 788 1136 856; x_wconf 78' lang='lat' dir='ltr'>falsum</span> <span class='ocrx_word' id='word_1_33' title='bbox 1177 804 1280 856; x_wconf 77' lang='lat' dir='ltr'>est</span> <span class='ocrx_word' id='word_1_34' title='bbox 1303 838 1322 870; x_wconf 84' lang='lat'><strong>‚</strong></span> <span class='ocrx_word' id='word_1_35' title='bbox 1374 786 1552 855; x_wconf 89' lang='lat' dir='ltr'>nihil</span> <span class='ocrx_word' id='word_1_36' title='bbox 1584 786 1770 881; x_wconf 85' lang='lat' dir='ltr'>apud</span> <span class='ocrx_word' id='word_1_37' title='bbox 1803 787 2075 855; x_wconf 73' lang='lat' dir='ltr'>insanos</span> <span class='ocrx_word' id='word_1_38' title='bbox 2110 809 2277 879; x_wconf 88' lang='lat' dir='ltr'>pro-</span> 
     </span>
     <span class='ocr_line' id='line_1_7' title="bbox 155 900 2273 996; baseline -0.001 -26"><span class='ocrx_word' id='word_1_39' title='bbox 155 903 342 970; x_wconf 83' lang='lat' dir='ltr'>ficere</span> <span class='ocrx_word' id='word_1_40' title='bbox 375 918 719 996; x_wconf 84' lang='lat' dir='ltr'>praeoepta</span> <span class='ocrx_word' id='word_1_41' title='bbox 753 928 768 967; x_wconf 90' lang='lat'>:</span> <span class='ocrx_word' id='word_1_42' title='bbox 801 926 958 969; x_wconf 86' lang='lat' dir='ltr'>nam</span> <span class='ocrx_word' id='word_1_43' title='bbox 993 900 1564 994; x_wconf 83' lang='lat' dir='ltr'>quemadmodum</span> <span class='ocrx_word' id='word_1_44' title='bbox 1597 900 1739 969; x_wconf 78' lang='lat' dir='ltr'>sola</span> <span class='ocrx_word' id='word_1_45' title='bbox 1772 923 1911 969; x_wconf 90' lang='lat' dir='ltr'>non</span> <span class='ocrx_word' id='word_1_46' title='bbox 1947 916 2273 993; x_wconf 77' lang='lat' dir='ltr'>prosunt,</span> 
     </span>
     <span class='ocr_line' id='line_1_8' title="bbox 154 1016 2281 1112; baseline 0 -27"><span class='ocrx_word' id='word_1_47' title='bbox 154 1021 238 1088; x_wconf 80' lang='lat' dir='ltr'>sic</span> <span class='ocrx_word' id='word_1_48' title='bbox 267 1022 684 1089; x_wconf 82' lang='lat' dir='ltr'>curationem</span> <span class='ocrx_word' id='word_1_49' title='bbox 734 1016 1106 1112; x_wconf 80' lang='lat' dir='ltr'>adjuvant3</span> <span class='ocrx_word' id='word_1_50' title='bbox 1157 1034 1228 1087; x_wconf 92' lang='lat' dir='ltr'>et</span> <span class='ocrx_word' id='word_1_51' title='bbox 1269 1018 1698 1089; x_wconf 82' lang='lat' dir='ltr'>denuntiatio</span> <span class='ocrx_word' id='word_1_52' title='bbox 1724 1023 1775 1101; x_wconf 87' lang='lat'>¹,</span> <span class='ocrx_word' id='word_1_53' title='bbox 1818 1031 1891 1085; x_wconf 85' lang='lat' dir='ltr'>et</span> <span class='ocrx_word' id='word_1_54' title='bbox 1924 1018 2281 1111; x_wconf 73' lang='lat' dir='ltr'>castigatio</span> 
     </span>
     <span class='ocr_line' id='line_1_9' title="bbox 154 1135 2283 1228; baseline 0 -25"><span class='ocrx_word' id='word_1_55' title='bbox 154 1138 402 1208; x_wconf 79' lang='lat' dir='ltr'>insanos</span> <span class='ocrx_word' id='word_1_56' title='bbox 459 1138 786 1207; x_wconf 84' lang='lat' dir='ltr'>coercuit.</span> <span class='ocrx_word' id='word_1_57' title='bbox 847 1138 952 1208; x_wconf 90' lang='lat' dir='ltr'>De</span> <span class='ocrx_word' id='word_1_58' title='bbox 1005 1136 1142 1207; x_wconf 74' lang='lat' dir='ltr'>illis</span> <span class='ocrx_word' id='word_1_59' title='bbox 1191 1139 1451 1206; x_wconf 79' lang='lat' dir='ltr'>insanis</span> <span class='ocrx_word' id='word_1_60' title='bbox 1492 1160 1679 1205; x_wconf 91' lang='lat' dir='ltr'>nunc</span> <span class='ocrx_word' id='word_1_61' title='bbox 1722 1136 1992 1228; x_wconf 88' lang='lat' dir='ltr'>loquor,</span> <span class='ocrx_word' id='word_1_62' title='bbox 2034 1135 2283 1227; x_wconf 74' lang='lat' dir='ltr'>quibus</span> 
     </span>
     <span class='ocr_line' id='line_1_10' title="bbox 159 1268 1218 1348; baseline 0.001 -26"><span class='ocrx_word' id='word_1_63' title='bbox 159 1278 324 1325; x_wconf 73' lang='lat' dir='ltr'>mena</span> <span class='ocrx_word' id='word_1_64' title='bbox 351 1272 536 1325; x_wconf 83' lang='lat' dir='ltr'>mota</span> <span class='ocrx_word' id='word_1_65' title='bbox 560 1272 662 1325; x_wconf 74' lang='lat' dir='ltr'>est</span> <span class='ocrx_word' id='word_1_66' title='bbox 679 1305 699 1338; x_wconf 91' lang='lat'>,</span> <span class='ocrx_word' id='word_1_67' title='bbox 739 1278 878 1323; x_wconf 86' lang='lat' dir='ltr'>non</span> <span class='ocrx_word' id='word_1_68' title='bbox 905 1272 1164 1348; x_wconf 80' lang='lat' dir='ltr'>erepta.</span> <span class='ocrx_word' id='word_1_69' title='bbox 1201 1268 1218 1277; x_wconf 80' lang='grc'><strong>“</strong></span> 
     </span>
    </p>

    <p class='ocr_par' dir='ltr' id='par_1_6' title="bbox 90 1368 2285 2288">
     <span class='ocr_line' id='line_1_11' title="bbox 241 1368 2279 1467; baseline 0 -30"><span class='ocrx_word' id='word_1_70' title='bbox 241 1400 274 1437; x_wconf 73' lang='grc' dir='ltr'><strong>α</strong></span> <span class='ocrx_word' id='word_1_71' title='bbox 302 1375 554 1467; x_wconf 71' lang='lat' dir='ltr'>Leges,</span> <span class='ocrx_word' id='word_1_72' title='bbox 591 1373 820 1465; x_wconf 86' lang='lat' dir='ltr'>inquit</span> <span class='ocrx_word' id='word_1_73' title='bbox 841 1422 864 1457; x_wconf 88' lang='lat'><em>‚</em></span> <span class='ocrx_word' id='word_1_74' title='bbox 907 1386 984 1440; x_wconf 87' lang='lat' dir='ltr'>ut</span> <span class='ocrx_word' id='word_1_75' title='bbox 1021 1372 1348 1439; x_wconf 78' lang='lat' dir='ltr'>faciamus</span> <span class='ocrx_word' id='word_1_76' title='bbox 1380 1368 1567 1463; x_wconf 89' lang='lat' dir='ltr'>quod</span> <span class='ocrx_word' id='word_1_77' title='bbox 1623 1385 1889 1465; x_wconf 83' lang='lat' dir='ltr'>oportet</span> <span class='ocrx_word' id='word_1_78' title='bbox 1910 1419 1934 1456; x_wconf 87' lang='lat'>,</span> <span class='ocrx_word' id='word_1_79' title='bbox 1974 1394 2112 1438; x_wconf 91' lang='lat' dir='ltr'>non</span> <span class='ocrx_word' id='word_1_80' title='bbox 2174 1370 2279 1439; x_wconf 82' lang='lat' dir='ltr'>ef-</span> 
     </span>
     <span class='ocr_line' id='line_1_12' title="bbox 156 1488 2275 1583; baseline -0.001 -28"><span class='ocrx_word' id='word_1_81' title='bbox 156 1489 406 1560; x_wconf 84' lang='lat' dir='ltr'>ficiunt:</span> <span class='ocrx_word' id='word_1_82' title='bbox 429 1506 498 1558; x_wconf 90' lang='lat' dir='ltr'>et</span> <span class='ocrx_word' id='word_1_83' title='bbox 516 1488 688 1583; x_wconf 83' lang='lat' dir='ltr'>quid</span> <span class='ocrx_word' id='word_1_84' title='bbox 713 1489 902 1559; x_wconf 82' lang='lat' dir='ltr'>aliud</span> <span class='ocrx_word' id='word_1_85' title='bbox 925 1503 1130 1571; x_wconf 61' lang='lat' dir='ltr'>sunt,</span> <span class='ocrx_word' id='word_1_86' title='bbox 1157 1512 1363 1581; x_wconf 85' lang='lat' dir='ltr'>qnam</span> <span class='ocrx_word' id='word_1_87' title='bbox 1392 1488 1596 1557; x_wconf 74' lang='lat' dir='ltr'>minio</span> <span class='ocrx_word' id='word_1_88' title='bbox 1619 1490 1825 1559; x_wconf 84' lang='lat' dir='ltr'>mixta</span> <span class='ocrx_word' id='word_1_89' title='bbox 1847 1503 2190 1581; x_wconf 80' lang='lat' dir='ltr'>praecepta</span> <span class='ocrx_word' id='word_1_90' title='bbox 2204 1489 2275 1555; x_wconf 71' lang='grc' dir='ltr'>Ρ»</span> 
     </span>
     <span class='ocr_line' id='line_1_13' title="bbox 90 1601 2284 1701; baseline -0.002 -28"><span class='ocrx_word' id='word_1_91' title='bbox 90 1604 104 1626; x_wconf 89' lang='lat'><strong><em>¹</em></strong></span> <span class='ocrx_word' id='word_1_92' title='bbox 161 1641 228 1655; x_wconf 92' lang='lat'>-</span> <span class='ocrx_word' id='word_1_93' title='bbox 249 1607 546 1677; x_wconf 86' lang='lat' dir='ltr'>Primum</span> <span class='ocrx_word' id='word_1_94' title='bbox 583 1608 925 1692; x_wconf 85' lang='lat' dir='ltr'>omnium,</span> <span class='ocrx_word' id='word_1_95' title='bbox 969 1606 1058 1675; x_wconf 93' lang='lat' dir='ltr'>ob</span> <span class='ocrx_word' id='word_1_96' title='bbox 1092 1606 1224 1674; x_wconf 89' lang='lat' dir='ltr'>hoc</span> <span class='ocrx_word' id='word_1_97' title='bbox 1271 1606 1409 1674; x_wconf 79' lang='lat' dir='ltr'>inae</span> <span class='ocrx_word' id='word_1_98' title='bbox 1446 1628 1585 1674; x_wconf 89' lang='lat' dir='ltr'>non</span> <span class='ocrx_word' id='word_1_99' title='bbox 1620 1601 2039 1701; x_wconf 74' lang='lat' dir='ltr'>persuadent</span> <span class='ocrx_word' id='word_1_100' title='bbox 2061 1653 2081 1686; x_wconf 91' lang='lat'>,</span> <span class='ocrx_word' id='word_1_101' title='bbox 2124 1604 2284 1695; x_wconf 88' lang='lat' dir='ltr'>quia</span> 
     </span>
     <span class='ocr_line' id='line_1_14' title="bbox 155 1719 2282 1816; baseline 0 -27"><span class='ocrx_word' id='word_1_102' title='bbox 155 1724 514 1811; x_wconf 80' lang='lat' dir='ltr'>minantur3</span> <span class='ocrx_word' id='word_1_103' title='bbox 545 1741 616 1793; x_wconf 87' lang='lat' dir='ltr'>at</span> <span class='ocrx_word' id='word_1_104' title='bbox 639 1722 790 1791; x_wconf 85' lang='lat' dir='ltr'>haec</span> <span class='ocrx_word' id='word_1_105' title='bbox 816 1747 954 1791; x_wconf 91' lang='lat' dir='ltr'>non</span> <span class='ocrx_word' id='word_1_106' title='bbox 984 1739 1273 1816; x_wconf 83' lang='lat' dir='ltr'>cogunt,</span> <span class='ocrx_word' id='word_1_107' title='bbox 1307 1721 1430 1791; x_wconf 83' lang='lat' dir='ltr'>sed</span> <span class='ocrx_word' id='word_1_108' title='bbox 1459 1738 1765 1792; x_wconf 83' lang='lat' dir='ltr'>exorant.</span> <span class='ocrx_word' id='word_1_109' title='bbox 1794 1719 2065 1795; x_wconf 88' lang='lat' dir='ltr'>Deinde</span> <span class='ocrx_word' id='word_1_110' title='bbox 2093 1720 2282 1815; x_wconf 78' lang='lat' dir='ltr'>leges</span> 
     </span>
     <span class='ocr_line' id='line_1_15' title="bbox 153 1829 2277 1935; baseline 0 -30"><span class='ocrx_word' id='word_1_111' title='bbox 153 1862 188 1905; x_wconf 89' lang='lat' dir='ltr'>a</span> <span class='ocrx_word' id='word_1_112' title='bbox 215 1840 458 1910; x_wconf 77' lang='lat' dir='ltr'>scelere</span> <span class='ocrx_word' id='word_1_113' title='bbox 499 1829 892 1927; x_wconf 80' lang='lat' dir='ltr'>deterrent3</span> <span class='ocrx_word' id='word_1_114' title='bbox 944 1857 1288 1935; x_wconf 64' lang='lat' dir='ltr'>praecepta.</span> <span class='ocrx_word' id='word_1_115' title='bbox 1343 1842 1415 1909; x_wconf 88' lang='lat' dir='ltr'>in</span> <span class='ocrx_word' id='word_1_116' title='bbox 1464 1842 1769 1909; x_wconf 86' lang='lat' dir='ltr'>officium</span> <span class='ocrx_word' id='word_1_117' title='bbox 1798 1838 2277 1909; x_wconf 84' lang='lat' dir='ltr'>adhortantur.</span> 
     </span>
     <span class='ocr_line' id='line_1_16' title="bbox 158 1956 2285 2051; baseline -0 -28"><span class='ocrx_word' id='word_1_118' title='bbox 158 1956 264 2023; x_wconf 65' lang='lat' dir='ltr'>His</span> <span class='ocrx_word' id='word_1_119' title='bbox 291 1957 508 2051; x_wconf 87' lang='lat' dir='ltr'>adjice</span> <span class='ocrx_word' id='word_1_120' title='bbox 529 2007 550 2038; x_wconf 87' lang='lat'>‚</span> <span class='ocrx_word' id='word_1_121' title='bbox 591 1956 778 2049; x_wconf 92' lang='lat' dir='ltr'>quod</span> <span class='ocrx_word' id='word_1_122' title='bbox 809 1956 999 2049; x_wconf 73' lang='lat' dir='ltr'>leges</span> <span class='ocrx_word' id='word_1_123' title='bbox 1033 1981 1306 2051; x_wconf 88' lang='lat' dir='ltr'>quoque</span> <span class='ocrx_word' id='word_1_124' title='bbox 1343 1958 1717 2051; x_wconf 87' lang='lat' dir='ltr'>proficiunt</span> <span class='ocrx_word' id='word_1_125' title='bbox 1750 1957 1841 2027; x_wconf 86' lang='lat' dir='ltr'>ad</span> <span class='ocrx_word' id='word_1_126' title='bbox 1871 1956 2088 2025; x_wconf 74' lang='lat' dir='ltr'>bonos</span> <span class='ocrx_word' id='word_1_127' title='bbox 2130 1978 2285 2023; x_wconf 89' lang='lat' dir='ltr'>mo·-</span> 
     </span>
     <span class='ocr_line' id='line_1_17' title="bbox 159 2073 2285 2169; baseline 0 -29"><span class='ocrx_word' id='word_1_128' title='bbox 159 2096 254 2141; x_wconf 77' lang='lat' dir='ltr'>res</span> <span class='ocrx_word' id='word_1_129' title='bbox 275 2102 292 2159; x_wconf 70' lang='grc' dir='ltr'><strong>ς</strong></span> <span class='ocrx_word' id='word_1_130' title='bbox 317 2076 556 2168; x_wconf 87' lang='lat' dir='ltr'>utique</span> <span class='ocrx_word' id='word_1_131' title='bbox 585 2076 643 2142; x_wconf 78' lang='lat' dir='ltr'>si</span> <span class='ocrx_word' id='word_1_132' title='bbox 674 2098 812 2143; x_wconf 90' lang='lat' dir='ltr'>non</span> <span class='ocrx_word' id='word_1_133' title='bbox 845 2090 1102 2149; x_wconf 84' lang='lat' dir='ltr'>tantum</span> <span class='ocrx_word' id='word_1_134' title='bbox 1129 2076 1504 2169; x_wconf 85' lang='lat' dir='ltr'>imperant,</span> <span class='ocrx_word' id='word_1_135' title='bbox 1542 2075 1661 2143; x_wconf 70' lang='lat' dir='ltr'>aed</span> <span class='ocrx_word' id='word_1_136' title='bbox 1683 2073 1931 2143; x_wconf 78' lang='lat' dir='ltr'>docent</span> <span class='ocrx_word' id='word_1_137' title='bbox 1952 2080 2006 2141; x_wconf 79' lang='lat'>².</span> <span class='ocrx_word' id='word_1_138' title='bbox 2042 2075 2123 2143; x_wconf 89' lang='lat' dir='ltr'>In</span> <span class='ocrx_word' id='word_1_139' title='bbox 2152 2073 2285 2141; x_wconf 87' lang='lat' dir='ltr'>hac</span> 
     </span>
     <span class='ocr_line' id='line_1_18' title="bbox 155 2184 2285 2288; baseline 0 -32"><span class='ocrx_word' id='word_1_140' title='bbox 155 2210 219 2256; x_wconf 86' lang='lat' dir='ltr'>re</span> <span class='ocrx_word' id='word_1_141' title='bbox 249 2186 570 2261; x_wconf 72' lang='lat' dir='ltr'>dissentio</span> <span class='ocrx_word' id='word_1_142' title='bbox 607 2216 648 2260; x_wconf 84' lang='lat' dir='ltr'>a</span> <span class='ocrx_word' id='word_1_143' title='bbox 685 2190 1098 2277; x_wconf 78' lang='lat' dir='ltr'>Posidonio3</span> <span class='ocrx_word' id='word_1_144' title='bbox 1141 2194 1262 2284; x_wconf 83' lang='lat' dir='ltr'>qui</span> <span class='ocrx_word' id='word_1_145' title='bbox 1300 2218 1316 2260; x_wconf 75' lang='grc' dir='ltr'>ι</span> <span class='ocrx_word' id='word_1_146' title='bbox 1358 2219 1391 2258; x_wconf 84' lang='lat'>«</span> <span class='ocrx_word' id='word_1_147' title='bbox 1420 2194 1575 2260; x_wconf 88' lang='lat' dir='ltr'>Non</span> <span class='ocrx_word' id='word_1_148' title='bbox 1613 2192 1829 2288; x_wconf 89' lang='lat' dir='ltr'>probo</span> <span class='ocrx_word' id='word_1_149' title='bbox 1865 2188 2053 2285; x_wconf 91' lang='lat' dir='ltr'>quod</span> <span class='ocrx_word' id='word_1_150' title='bbox 2090 2184 2115 2224; x_wconf 80' lang='lat'>³</span> <span class='ocrx_word' id='word_1_151' title='bbox 2136 2188 2285 2258; x_wconf 86' lang='lat' dir='ltr'>Pla-</span> 
     </span>
    </p>
   </div>
   <div class='ocr_carea' id='block_1_6' title="bbox 156 2303 1981 2401">
    <p class='ocr_par' dir='ltr' id='par_1_7' title="bbox 156 2303 1981 2401">
     <span class='ocr_line' id='line_1_19' title="bbox 156 2303 1981 2401; baseline 0.005 -34"><span class='ocrx_word' id='word_1_152' title='bbox 156 2307 312 2372; x_wconf 74' lang='lat' dir='ltr'>tonis</span> <span class='ocrx_word' id='word_1_153' title='bbox 344 2305 620 2400; x_wconf 80' lang='lat' dir='ltr'>legibus</span> <span class='ocrx_word' id='word_1_154' title='bbox 669 2304 938 2399; x_wconf 61' lang='lat' dir='ltr'>adjecta</span> <span class='ocrx_word' id='word_1_155' title='bbox 982 2308 1328 2401; x_wconf 85' lang='lat' dir='ltr'>principia</span> <span class='ocrx_word' id='word_1_156' title='bbox 1382 2323 1539 2375; x_wconf 72' lang='lat' dir='ltr'>sunt</span> <span class='ocrx_word' id='word_1_157' title='bbox 1568 2303 1597 2350; x_wconf 80' lang='lat'><strong><em>⁴</em></strong></span> <span class='ocrx_word' id='word_1_158' title='bbox 1652 2333 1666 2374; x_wconf 91' lang='lat'><strong>:</strong></span> <span class='ocrx_word' id='word_1_159' title='bbox 1728 2309 1981 2397; x_wconf 83' lang='lat' dir='ltr'>Legem</span> 
     </span>
    </p>
   </div>
   <div class='ocr_carea' id='block_1_7' title="bbox 155 2497 1160 2962">
    <p class='ocr_par' dir='ltr' id='par_1_8' title="bbox 160 2497 1152 2646">
     <span class='ocr_line' id='line_1_20' title="bbox 213 2497 1152 2566; baseline 0.005 -19"><span class='ocrx_word' id='word_1_160' title='bbox 213 2514 248 2548; x_wconf 88' lang='grc' dir='ltr'>ι.</span> <span class='ocrx_word' id='word_1_161' title='bbox 278 2497 618 2554; x_wconf 73' lang='lat' dir='ltr'>Denuntiaeio</span> <span class='ocrx_word' id='word_1_162' title='bbox 637 2539 652 2566; x_wconf 86' lang='lat'>,</span> <span class='ocrx_word' id='word_1_163' title='bbox 685 2500 719 2552; x_wconf 90' lang='lat' dir='ltr'>i.</span> <span class='ocrx_word' id='word_1_164' title='bbox 745 2519 790 2552; x_wconf 89' lang='lat' dir='ltr'>e.</span> <span class='ocrx_word' id='word_1_165' title='bbox 817 2499 1110 2552; x_wconf 87' lang='lat' dir='ltr'>criminatio</span> <span class='ocrx_word' id='word_1_166' title='bbox 1136 2537 1152 2564; x_wconf 83' lang='lat'>,</span> 
     </span>
     <span class='ocr_line' id='line_1_21' title="bbox 160 2573 840 2646; baseline 0.01 -22"><span class='ocrx_word' id='word_1_167' title='bbox 160 2573 340 2640; x_wconf 83' lang='lat' dir='ltr'>periculi</span> <span class='ocrx_word' id='word_1_168' title='bbox 362 2577 668 2632; x_wconf 82' lang='lat' dir='ltr'>admonitio.</span> <span class='ocrx_word' id='word_1_169' title='bbox 690 2577 840 2646; x_wconf 73' lang='lat' dir='ltr'>Lips.</span> 
     </span>
    </p>

    <p class='ocr_par' dir='ltr' id='par_1_9' title="bbox 155 2653 1160 2962">
     <span class='ocr_line' id='line_1_22' title="bbox 209 2653 1152 2726; baseline 0.004 -21"><span class='ocrx_word' id='word_1_170' title='bbox 209 2653 438 2724; x_wconf 54' lang='lat' dir='ltr'>&amp;Utique</span> <span class='ocrx_word' id='word_1_171' title='bbox 451 2661 503 2711; x_wconf 78' lang='lat' dir='ltr'>si</span> <span class='ocrx_word' id='word_1_172' title='bbox 517 2677 628 2710; x_wconf 81' lang='lat' dir='ltr'>non</span> <span class='ocrx_word' id='word_1_173' title='bbox 642 2667 850 2710; x_wconf 77' lang='lat' dir='ltr'>tantum</span> <span class='ocrx_word' id='word_1_174' title='bbox 869 2660 1152 2726; x_wconf 76' lang='lat' dir='ltr'>imperant,</span> 
     </span>
     <span class='ocr_line' id='line_1_23' title="bbox 157 2731 1158 2791; baseline 0.004 -7"><span class='ocrx_word' id='word_1_175' title='bbox 157 2731 237 2780; x_wconf 72' lang='lat' dir='ltr'>sed</span> <span class='ocrx_word' id='word_1_176' title='bbox 257 2733 512 2788; x_wconf 58' lang='lat' dir='ltr'>docent...</span> <span class='ocrx_word' id='word_1_177' title='bbox 551 2735 857 2791; x_wconf 74' lang='lat' dir='ltr'>Posidonio.</span> <span class='ocrx_word' id='word_1_178' title='bbox 902 2735 1158 2788; x_wconf 71' lang='lat' dir='ltr'>Censebat</span> 
     </span>
     <span class='ocr_line' id='line_1_24' title="bbox 156 2807 1157 2887; baseline 0.009 -30"><span class='ocrx_word' id='word_1_179' title='bbox 156 2807 288 2880; x_wconf 86' lang='lat' dir='ltr'>igitur</span> <span class='ocrx_word' id='word_1_180' title='bbox 299 2809 608 2867; x_wconf 74' lang='lat' dir='ltr'>Posidonius</span> <span class='ocrx_word' id='word_1_181' title='bbox 617 2853 634 2876; x_wconf 87' lang='lat'><em>,</em></span> <span class='ocrx_word' id='word_1_182' title='bbox 657 2812 794 2887; x_wconf 72' lang='lat' dir='ltr'>leges</span> <span class='ocrx_word' id='word_1_183' title='bbox 811 2815 1075 2886; x_wconf 59' lang='lat' dir='ltr'>prooemiis,</span> <span class='ocrx_word' id='word_1_184' title='bbox 1083 2825 1157 2867; x_wconf 89' lang='lat' dir='ltr'>at-</span> 
     </span>
     <span class='ocr_line' id='line_1_25' title="bbox 155 2890 1160 2962; baseline 0.006 -24"><span class='ocrx_word' id='word_1_185' title='bbox 155 2905 237 2954; x_wconf 87' lang='lat' dir='ltr'>que</span> <span class='ocrx_word' id='word_1_186' title='bbox 250 2890 664 2962; x_wconf 77' lang='lat' dir='ltr'>explicationibus</span> <span class='ocrx_word' id='word_1_187' title='bbox 683 2911 850 2944; x_wconf 87' lang='lat' dir='ltr'>carcre</span> <span class='ocrx_word' id='word_1_188' title='bbox 869 2891 1051 2946; x_wconf 87' lang='lat' dir='ltr'>debere</span> <span class='ocrx_word' id='word_1_189' title='bbox 1067 2929 1082 2955; x_wconf 83' lang='lat'>‚</span> <span class='ocrx_word' id='word_1_190' title='bbox 1104 2893 1160 2944; x_wconf 85' lang='lat' dir='ltr'>in</span> 
     </span>
    </p>
   </div>
   <div class='ocr_carea' id='block_1_8' title="bbox 155 2965 1165 3039">
    <p class='ocr_par' dir='ltr' id='par_1_10' title="bbox 155 2965 1165 3039">
     <span class='ocr_line' id='line_1_26' title="bbox 155 2965 1165 3039; baseline 0.007 -23"><span class='ocrx_word' id='word_1_191' title='bbox 155 2983 238 3034; x_wconf 85' lang='lat' dir='ltr'>quo</span> <span class='ocrx_word' id='word_1_192' title='bbox 255 2965 536 3027; x_wconf 75' lang='lat' dir='ltr'>discedebat</span> <span class='ocrx_word' id='word_1_193' title='bbox 555 2972 740 3022; x_wconf 80' lang='lat' dir='ltr'>Noster</span> <span class='ocrx_word' id='word_1_194' title='bbox 758 2969 824 3022; x_wconf 88' lang='lat' dir='ltr'>ab</span> <span class='ocrx_word' id='word_1_195' title='bbox 839 2991 918 3022; x_wconf 86' lang='lat' dir='ltr'>eo.</span> <span class='ocrx_word' id='word_1_196' title='bbox 934 2969 1165 3039; x_wconf 75' lang='lat' dir='ltr'>Quidam.</span> 
     </span>
    </p>
   </div>
   <div class='ocr_carea' id='block_1_9' title="bbox 153 3047 1163 3745">
    <p class='ocr_par' dir='ltr' id='par_1_11' title="bbox 153 3047 1163 3358">
     <span class='ocr_line' id='line_1_27' title="bbox 155 3047 1163 3111; baseline 0.002 -13"><span class='ocrx_word' id='word_1_197' title='bbox 155 3053 335 3111; x_wconf 66' lang='lat' dir='ltr'>tamen,</span> <span class='ocrx_word' id='word_1_198' title='bbox 366 3063 415 3101; x_wconf 86' lang='lat' dir='ltr'>et</span> <span class='ocrx_word' id='word_1_199' title='bbox 448 3047 728 3101; x_wconf 77' lang='lat' dir='ltr'>interillos</span> <span class='ocrx_word' id='word_1_200' title='bbox 755 3047 924 3100; x_wconf 79' lang='lat' dir='ltr'>Ruhk.</span> <span class='ocrx_word' id='word_1_201' title='bbox 966 3059 1163 3100; x_wconf 80' lang='lat' dir='ltr'>contra-</span> 
     </span>
     <span class='ocr_line' id='line_1_28' title="bbox 155 3119 1157 3198; baseline 0.006 -28"><span class='ocrx_word' id='word_1_202' title='bbox 155 3119 264 3174; x_wconf 88' lang='lat' dir='ltr'>riam</span> <span class='ocrx_word' id='word_1_203' title='bbox 280 3124 554 3180; x_wconf 75' lang='lat' dir='ltr'>Posidonio</span> <span class='ocrx_word' id='word_1_204' title='bbox 575 3125 808 3178; x_wconf 86' lang='lat' dir='ltr'>tribuunt</span> <span class='ocrx_word' id='word_1_205' title='bbox 828 3124 1128 3198; x_wconf 83' lang='lat' dir='ltr'>opinionem</span> <span class='ocrx_word' id='word_1_206' title='bbox 1142 3164 1157 3192; x_wconf 80' lang='lat'>,</span> 
     </span>
     <span class='ocr_line' id='line_1_29' title="bbox 154 3199 1153 3274; baseline 0.007 -26"><span class='ocrx_word' id='word_1_207' title='bbox 154 3211 194 3249; x_wconf 82' lang='lat' dir='ltr'>et</span> <span class='ocrx_word' id='word_1_208' title='bbox 207 3199 435 3256; x_wconf 81' lang='lat' dir='ltr'>Senecam</span> <span class='ocrx_word' id='word_1_209' title='bbox 451 3207 717 3274; x_wconf 59' lang='lat' dir='ltr'>principia</span> <span class='ocrx_word' id='word_1_210' title='bbox 731 3203 926 3274; x_wconf 74' lang='lat' dir='ltr'>legibus</span> <span class='ocrx_word' id='word_1_211' title='bbox 945 3204 1153 3272; x_wconf 76' lang='lat' dir='ltr'>adjecta</span> 
     </span>
     <span class='ocr_line' id='line_1_30' title="bbox 153 3275 1067 3358; baseline 0.005 -29"><span class='ocrx_word' id='word_1_212' title='bbox 153 3275 408 3352; x_wconf 82' lang='lat' dir='ltr'>improbare</span> <span class='ocrx_word' id='word_1_213' title='bbox 434 3283 661 3358; x_wconf 82' lang='lat' dir='ltr'>fingunt.</span> <span class='ocrx_word' id='word_1_214' title='bbox 686 3282 806 3336; x_wconf 83' lang='lat' dir='ltr'>Vid.</span> <span class='ocrx_word' id='word_1_215' title='bbox 832 3296 937 3336; x_wconf 91' lang='lat' dir='ltr'>not.</span> <span class='ocrx_word' id='word_1_216' title='bbox 961 3302 1067 3354; x_wconf 77' lang='lat' dir='ltr'>seq.</span> 
     </span>
    </p>

    <p class='ocr_par' dir='ltr' id='par_1_12' title="bbox 156 3355 1161 3745">
     <span class='ocr_line' id='line_1_31' title="bbox 209 3355 1156 3432; baseline 0.007 -25"><span class='ocrx_word' id='word_1_217' title='bbox 209 3355 252 3412; x_wconf 83' lang='lat'>3.</span> <span class='ocrx_word' id='word_1_218' title='bbox 268 3357 372 3429; x_wconf 78' lang='lat' dir='ltr'>Qui</span> <span class='ocrx_word' id='word_1_219' title='bbox 389 3380 406 3412; x_wconf 90' lang='lat'><em>:</em></span> <span class='ocrx_word' id='word_1_220' title='bbox 425 3385 454 3410; x_wconf 75' lang='grc' dir='ltr'><strong><em>κ</em></strong></span> <span class='ocrx_word' id='word_1_221' title='bbox 468 3362 597 3415; x_wconf 87' lang='lat' dir='ltr'>Non</span> <span class='ocrx_word' id='word_1_222' title='bbox 605 3361 770 3430; x_wconf 85' lang='lat' dir='ltr'>probo</span> <span class='ocrx_word' id='word_1_223' title='bbox 786 3365 943 3432; x_wconf 84' lang='lat' dir='ltr'>quod.</span> <span class='ocrx_word' id='word_1_224' title='bbox 961 3361 1045 3416; x_wconf 81' lang='lat' dir='ltr'>sic</span> <span class='ocrx_word' id='word_1_225' title='bbox 1061 3380 1156 3414; x_wconf 81' lang='lat' dir='ltr'>nos</span> 
     </span>
     <span class='ocr_line' id='line_1_32' title="bbox 156 3437 1158 3521; baseline 0.007 -35"><span class='ocrx_word' id='word_1_226' title='bbox 156 3437 430 3521; x_wconf 62' lang='lat' dir='ltr'>tentavimus</span> <span class='ocrx_word' id='word_1_227' title='bbox 453 3461 512 3494; x_wconf 87' lang='lat' dir='ltr'>ex</span> <span class='ocrx_word' id='word_1_228' title='bbox 533 3439 767 3504; x_wconf 87' lang='lat' dir='ltr'>Mureto,</span> <span class='ocrx_word' id='word_1_229' title='bbox 799 3439 890 3511; x_wconf 86' lang='lat' dir='ltr'>qui</span> <span class='ocrx_word' id='word_1_230' title='bbox 917 3460 975 3492; x_wconf 88' lang='lat' dir='ltr'>ex</span> <span class='ocrx_word' id='word_1_231' title='bbox 1001 3439 1158 3514; x_wconf 82' lang='lat' dir='ltr'>inge—</span> 
     </span>
     <span class='ocr_line' id='line_1_33' title="bbox 156 3516 1158 3589; baseline 0.01 -28"><span class='ocrx_word' id='word_1_232' title='bbox 156 3527 231 3564; x_wconf 86' lang='lat' dir='ltr'>mo</span> <span class='ocrx_word' id='word_1_233' title='bbox 248 3529 368 3566; x_wconf 85' lang='lat' dir='ltr'>:non</span> <span class='ocrx_word' id='word_1_234' title='bbox 375 3518 542 3586; x_wconf 80' lang='lat' dir='ltr'>probo</span> <span class='ocrx_word' id='word_1_235' title='bbox 555 3518 702 3587; x_wconf 79' lang='lat' dir='ltr'>quod</span> <span class='ocrx_word' id='word_1_236' title='bbox 714 3516 845 3584; x_wconf 85' lang='lat' dir='ltr'>(sine</span> <span class='ocrx_word' id='word_1_237' title='bbox 859 3521 976 3589; x_wconf 80' lang='lat' dir='ltr'>qui)</span> <span class='ocrx_word' id='word_1_238' title='bbox 996 3519 1158 3585; x_wconf 81' lang='lat' dir='ltr'>dedit,</span> 
     </span>
     <span class='ocr_line' id='line_1_34' title="bbox 157 3587 1159 3670; baseline 0.01 -30"><span class='ocrx_word' id='word_1_239' title='bbox 157 3587 208 3640; x_wconf 82' lang='lat' dir='ltr'>ab</span> <span class='ocrx_word' id='word_1_240' title='bbox 221 3593 447 3660; x_wconf 84' lang='lat' dir='ltr'>omnibns</span> <span class='ocrx_word' id='word_1_241' title='bbox 460 3595 770 3648; x_wconf 81' lang='lat' dir='ltr'>editionibus</span> <span class='ocrx_word' id='word_1_242' title='bbox 783 3595 873 3649; x_wconf 88' lang='lat' dir='ltr'>diu</span> <span class='ocrx_word' id='word_1_243' title='bbox 882 3608 1159 3670; x_wconf 87' lang='lat' dir='ltr'>receptum,</span> 
     </span>
     <span class='ocr_line' id='line_1_35' title="bbox 159 3671 1161 3745; baseline 0.01 -29"><span class='ocrx_word' id='word_1_244' title='bbox 159 3677 198 3717; x_wconf 85' lang='lat' dir='ltr'>et</span> <span class='ocrx_word' id='word_1_245' title='bbox 221 3687 274 3720; x_wconf 90' lang='lat' dir='ltr'>ex</span> <span class='ocrx_word' id='word_1_246' title='bbox 298 3671 468 3726; x_wconf 84' lang='lat' dir='ltr'>Schw.</span> <span class='ocrx_word' id='word_1_247' title='bbox 502 3672 594 3745; x_wconf 86' lang='lat' dir='ltr'>qui</span> <span class='ocrx_word' id='word_1_248' title='bbox 628 3672 768 3725; x_wconf 85' lang='lat' dir='ltr'>dedit</span> <span class='ocrx_word' id='word_1_249' title='bbox 801 3691 814 3726; x_wconf 90' lang='lat'>:</span> <span class='ocrx_word' id='word_1_250' title='bbox 853 3676 948 3742; x_wconf 72' lang='lat' dir='ltr'>qui</span> <span class='ocrx_word' id='word_1_251' title='bbox 966 3693 1068 3744; x_wconf 81' lang='lat' dir='ltr'>pro</span> <span class='ocrx_word' id='word_1_252' title='bbox 1101 3695 1161 3728; x_wconf 81' lang='lat' dir='ltr'>eo</span> 
     </span>
    </p>
   </div>
   <div class='ocr_carea' id='block_1_10' title="bbox 2053 2297 2283 2370">
    <p class='ocr_par' dir='ltr' id='par_1_13' title="bbox 2053 2297 2283 2370">
     <span class='ocr_line' id='line_1_36' title="bbox 2053 2297 2283 2370; baseline -0.013 1"><span class='ocrx_word' id='word_1_253' title='bbox 2053 2297 2077 2339; x_wconf 88' lang='lat'><strong>⁵</strong></span> <span class='ocrx_word' id='word_1_254' title='bbox 2096 2305 2283 2370; x_wconf 83' lang='lat' dir='ltr'>enim</span> 
     </span>
    </p>
   </div>
   <div class='ocr_carea' id='block_1_11' title="bbox 1251 2494 2275 2570">
    <p class='ocr_par' dir='ltr' id='par_1_14' title="bbox 1251 2494 2275 2570">
     <span class='ocr_line' id='line_1_37' title="bbox 1251 2494 2275 2570; baseline -0.007 -17"><span class='ocrx_word' id='word_1_255' title='bbox 1251 2501 1510 2554; x_wconf 82' lang='lat' dir='ltr'>ut....fecit</span> <span class='ocrx_word' id='word_1_256' title='bbox 1545 2499 1692 2554; x_wconf 80' lang='lat' dir='ltr'>Plato</span> <span class='ocrx_word' id='word_1_257' title='bbox 1716 2498 1812 2570; x_wconf 55' lang='lat' dir='ltr'>„id</span> <span class='ocrx_word' id='word_1_258' title='bbox 1848 2495 1978 2548; x_wconf 89' lang='lat' dir='ltr'>mihi</span> <span class='ocrx_word' id='word_1_259' title='bbox 2010 2494 2161 2547; x_wconf 87' lang='lat' dir='ltr'>credo</span> <span class='ocrx_word' id='word_1_260' title='bbox 2192 2497 2275 2547; x_wconf 87' lang='lat' dir='ltr'>sa-</span> 
     </span>
    </p>
   </div>
   <div class='ocr_carea' id='block_1_12' title="bbox 1223 2573 2283 2648">
    <p class='ocr_par' dir='ltr' id='par_1_15' title="bbox 1223 2573 2283 2648">
     <span class='ocr_line' id='line_1_38' title="bbox 1223 2573 2283 2648; baseline -0.008 -17"><span class='ocrx_word' id='word_1_261' title='bbox 1223 2576 1230 2583; x_wconf 79' lang='grc'><strong>’</strong></span> <span class='ocrx_word' id='word_1_262' title='bbox 1253 2577 1494 2632; x_wconf 87' lang='lat' dir='ltr'>ciendum</span> <span class='ocrx_word' id='word_1_263' title='bbox 1513 2617 1529 2644; x_wconf 84' lang='lat'><strong>,</strong></span> <span class='ocrx_word' id='word_1_264' title='bbox 1564 2589 1619 2628; x_wconf 90' lang='lat' dir='ltr'>ut</span> <span class='ocrx_word' id='word_1_265' title='bbox 1637 2615 1650 2640; x_wconf 90' lang='lat'>‚</span> <span class='ocrx_word' id='word_1_266' title='bbox 1693 2575 1986 2648; x_wconf 85' lang='lat' dir='ltr'>priusquam</span> <span class='ocrx_word' id='word_1_267' title='bbox 2013 2574 2169 2646; x_wconf 80' lang='lat' dir='ltr'>ipsam</span> <span class='ocrx_word' id='word_1_268' title='bbox 2194 2573 2283 2624; x_wconf 83' lang='lat' dir='ltr'>le-</span> 
     </span>
    </p>
   </div>
   <div class='ocr_carea' id='block_1_13' title="bbox 1249 2649 2288 3747">
    <p class='ocr_par' dir='ltr' id='par_1_16' title="bbox 1249 2649 2288 3747">
     <span class='ocr_line' id='line_1_39' title="bbox 1253 2649 2281 2730; baseline -0.01 -20"><span class='ocrx_word' id='word_1_269' title='bbox 1253 2677 1375 2730; x_wconf 81' lang='lat' dir='ltr'>gem</span> <span class='ocrx_word' id='word_1_270' title='bbox 1398 2655 1609 2710; x_wconf 82' lang='lat' dir='ltr'>recitem</span> <span class='ocrx_word' id='word_1_271' title='bbox 1628 2694 1643 2720; x_wconf 89' lang='lat'>‚</span> <span class='ocrx_word' id='word_1_272' title='bbox 1666 2653 1731 2706; x_wconf 88' lang='lat' dir='ltr'>de</span> <span class='ocrx_word' id='word_1_273' title='bbox 1752 2653 1863 2726; x_wconf 79' lang='lat' dir='ltr'>ejus</span> <span class='ocrx_word' id='word_1_274' title='bbox 1887 2652 2013 2724; x_wconf 77' lang='lat' dir='ltr'>legis</span> <span class='ocrx_word' id='word_1_275' title='bbox 2038 2651 2187 2704; x_wconf 87' lang='lat' dir='ltr'>laude</span> <span class='ocrx_word' id='word_1_276' title='bbox 2212 2649 2281 2716; x_wconf 84' lang='lat' dir='ltr'>(i.</span> 
     </span>
     <span class='ocr_line' id='line_1_40' title="bbox 1255 2729 2283 2799; baseline -0.009 -11"><span class='ocrx_word' id='word_1_277' title='bbox 1255 2755 1298 2788; x_wconf 90' lang='lat' dir='ltr'>e.</span> <span class='ocrx_word' id='word_1_278' title='bbox 1333 2731 1817 2798; x_wconf 83' lang='lat' dir='ltr'>commendatione)</span> <span class='ocrx_word' id='word_1_279' title='bbox 1846 2730 2031 2784; x_wconf 87' lang='lat' dir='ltr'>dicam.</span> <span class='ocrx_word' id='word_1_280' title='bbox 2051 2749 2079 2775; x_wconf 62' lang='grc' dir='ltr'>»υ</span> <span class='ocrx_word' id='word_1_281' title='bbox 2112 2729 2283 2799; x_wconf 85' lang='lat' dir='ltr'>Egre-</span> 
     </span>
     <span class='ocr_line' id='line_1_41' title="bbox 1261 2807 2280 2887; baseline -0.009 -22"><span class='ocrx_word' id='word_1_282' title='bbox 1261 2813 1344 2887; x_wconf 84' lang='lat' dir='ltr'>gie</span> <span class='ocrx_word' id='word_1_283' title='bbox 1365 2827 1542 2867; x_wconf 85' lang='lat' dir='ltr'>monet</span> <span class='ocrx_word' id='word_1_284' title='bbox 1564 2810 1799 2885; x_wconf 78' lang='lat' dir='ltr'>Heynius</span> <span class='ocrx_word' id='word_1_285' title='bbox 1824 2809 2010 2882; x_wconf 80' lang='lat' dir='ltr'>Opuse.</span> <span class='ocrx_word' id='word_1_286' title='bbox 2030 2807 2170 2860; x_wconf 87' lang='lat' dir='ltr'>acad.</span> <span class='ocrx_word' id='word_1_287' title='bbox 2199 2807 2249 2857; x_wconf 84' lang='lat'>11</span> <span class='ocrx_word' id='word_1_288' title='bbox 2264 2847 2280 2870; x_wconf 83' lang='lat'>,</span> 
     </span>
     <span class='ocr_line' id='line_1_42' title="bbox 1259 2887 2286 2965; baseline -0.007 -21"><span class='ocrx_word' id='word_1_289' title='bbox 1259 2914 1309 2965; x_wconf 86' lang='lat' dir='ltr'>p.</span> <span class='ocrx_word' id='word_1_290' title='bbox 1331 2892 1425 2960; x_wconf 79' lang='grc'>43,</span> <span class='ocrx_word' id='word_1_291' title='bbox 1452 2893 1509 2944; x_wconf 88' lang='lat' dir='ltr'>in</span> <span class='ocrx_word' id='word_1_292' title='bbox 1541 2904 1645 2943; x_wconf 82' lang='lat' dir='ltr'>tam</span> <span class='ocrx_word' id='word_1_293' title='bbox 1686 2890 1883 2944; x_wconf 75' lang='lat' dir='ltr'>diversa</span> <span class='ocrx_word' id='word_1_294' title='bbox 1915 2887 2101 2958; x_wconf 73' lang='lat' dir='ltr'>judicia</span> <span class='ocrx_word' id='word_1_295' title='bbox 2136 2906 2286 2939; x_wconf 89' lang='lat' dir='ltr'>eam-</span> 
     </span>
     <span class='ocr_line' id='line_1_43' title="bbox 1261 2963 2286 3040; baseline -0.009 -16"><span class='ocrx_word' id='word_1_296' title='bbox 1261 2973 1379 3024; x_wconf 82' lang='lat' dir='ltr'>dem</span> <span class='ocrx_word' id='word_1_297' title='bbox 1404 2971 1537 3023; x_wconf 83' lang='lat' dir='ltr'>hanc</span> <span class='ocrx_word' id='word_1_298' title='bbox 1557 2989 1665 3022; x_wconf 86' lang='lat' dir='ltr'>rem</span> <span class='ocrx_word' id='word_1_299' title='bbox 1685 2966 1899 3022; x_wconf 81' lang='lat' dir='ltr'>distrahi</span> <span class='ocrx_word' id='word_1_300' title='bbox 1921 2985 2062 3040; x_wconf 81' lang='lat' dir='ltr'>posse</span> <span class='ocrx_word' id='word_1_301' title='bbox 2083 2982 2172 3038; x_wconf 86' lang='lat' dir='ltr'>pro</span> <span class='ocrx_word' id='word_1_302' title='bbox 2196 2963 2286 3016; x_wconf 88' lang='lat' dir='ltr'>di-</span> 
     </span>
     <span class='ocr_line' id='line_1_44' title="bbox 1258 3043 2285 3118; baseline -0.01 -16"><span class='ocrx_word' id='word_1_303' title='bbox 1258 3068 1406 3102; x_wconf 78' lang='lat' dir='ltr'>verso</span> <span class='ocrx_word' id='word_1_304' title='bbox 1421 3047 1690 3102; x_wconf 85' lang='lat' dir='ltr'>hominum</span> <span class='ocrx_word' id='word_1_305' title='bbox 1707 3047 1974 3118; x_wconf 75' lang='lat' dir='ltr'>sensu‚prb</span> <span class='ocrx_word' id='word_1_306' title='bbox 1990 3043 2285 3110; x_wconf 81' lang='lat' dir='ltr'>diversoque</span> 
     </span>
     <span class='ocr_line' id='line_1_45' title="bbox 1257 3119 2288 3195; baseline -0.012 -13"><span class='ocrx_word' id='word_1_307' title='bbox 1257 3147 1427 3182; x_wconf 84' lang='lat' dir='ltr'>rerum</span> <span class='ocrx_word' id='word_1_308' title='bbox 1461 3125 1831 3194; x_wconf 85' lang='lat' dir='ltr'>hominumque</span> <span class='ocrx_word' id='word_1_309' title='bbox 1872 3133 2097 3195; x_wconf 85' lang='lat' dir='ltr'>respectu</span> <span class='ocrx_word' id='word_1_310' title='bbox 2126 3138 2138 3170; x_wconf 92' lang='lat'><strong>:</strong></span> <span class='ocrx_word' id='word_1_311' title='bbox 2164 3119 2288 3171; x_wconf 76' lang='lat' dir='ltr'>aiter</span> 
     </span>
     <span class='ocr_line' id='line_1_46' title="bbox 1249 3198 2287 3278; baseline -0.009 -19"><span class='ocrx_word' id='word_1_312' title='bbox 1249 3205 1515 3260; x_wconf 80' lang='lat' dir='ltr'>servilibus</span> <span class='ocrx_word' id='word_1_313' title='bbox 1552 3203 1778 3278; x_wconf 78' lang='lat' dir='ltr'>ingeniis</span> <span class='ocrx_word' id='word_1_314' title='bbox 1808 3201 2079 3274; x_wconf 87' lang='lat' dir='ltr'>imperari,</span> <span class='ocrx_word' id='word_1_315' title='bbox 2126 3198 2287 3270; x_wconf 77' lang='lat' dir='ltr'>inge-</span> 
     </span>
     <span class='ocr_line' id='line_1_47' title="bbox 1251 3275 2287 3352; baseline -0.01 -16"><span class='ocrx_word' id='word_1_316' title='bbox 1251 3283 1366 3336; x_wconf 74' lang='lat' dir='ltr'>nnis</span> <span class='ocrx_word' id='word_1_317' title='bbox 1381 3296 1430 3336; x_wconf 84' lang='lat' dir='ltr'>et</span> <span class='ocrx_word' id='word_1_318' title='bbox 1449 3281 1683 3338; x_wconf 87' lang='lat' dir='ltr'>civilibus</span> <span class='ocrx_word' id='word_1_319' title='bbox 1698 3279 1897 3352; x_wconf 84' lang='lat' dir='ltr'>praecipi</span> <span class='ocrx_word' id='word_1_320' title='bbox 1914 3277 2022 3332; x_wconf 82' lang='lat' dir='ltr'>vult</span> <span class='ocrx_word' id='word_1_321' title='bbox 2034 3275 2172 3329; x_wconf 81' lang='lat' dir='ltr'>alter.</span> <span class='ocrx_word' id='word_1_322' title='bbox 2191 3277 2287 3327; x_wconf 91' lang='lat' dir='ltr'>Se-</span> 
     </span>
     <span class='ocr_line' id='line_1_48' title="bbox 1250 3351 2283 3434; baseline -0.011 -19"><span class='ocrx_word' id='word_1_323' title='bbox 1250 3381 1380 3414; x_wconf 85' lang='lat' dir='ltr'>neca</span> <span class='ocrx_word' id='word_1_324' title='bbox 1393 3360 1605 3434; x_wconf 73' lang='lat' dir='ltr'>respexit</span> <span class='ocrx_word' id='word_1_325' title='bbox 1622 3359 1755 3432; x_wconf 76' lang='lat' dir='ltr'>leges</span> <span class='ocrx_word' id='word_1_326' title='bbox 1773 3373 2031 3410; x_wconf 80' lang='lat' dir='ltr'>romanas:</span> <span class='ocrx_word' id='word_1_327' title='bbox 2045 3373 2101 3406; x_wconf 90' lang='lat' dir='ltr'>ea</span> <span class='ocrx_word' id='word_1_328' title='bbox 2120 3351 2283 3419; x_wconf 87' lang='lat' dir='ltr'>enim,</span> 
     </span>
     <span class='ocr_line' id='line_1_49' title="bbox 1255 3431 2287 3511; baseline -0.011 -19"><span class='ocrx_word' id='word_1_329' title='bbox 1255 3457 1369 3511; x_wconf 78' lang='lat' dir='ltr'>quae</span> <span class='ocrx_word' id='word_1_330' title='bbox 1410 3439 1521 3511; x_wconf 81' lang='lat' dir='ltr'>jure</span> <span class='ocrx_word' id='word_1_331' title='bbox 1558 3437 1698 3490; x_wconf 81' lang='lat' dir='ltr'>civili</span> <span class='ocrx_word' id='word_1_332' title='bbox 1738 3435 2113 3489; x_wconf 81' lang='lat' dir='ltr'>constituuntur</span> <span class='ocrx_word' id='word_1_333' title='bbox 2141 3468 2155 3496; x_wconf 81' lang='lat'>‚</span> <span class='ocrx_word' id='word_1_334' title='bbox 2201 3431 2287 3482; x_wconf 78' lang='lat' dir='ltr'>vix</span> 
     </span>
     <span class='ocr_line' id='line_1_50' title="bbox 1257 3510 2285 3591; baseline -0.011 -20"><span class='ocrx_word' id='word_1_335' title='bbox 1257 3516 1503 3591; x_wconf 84' lang='lat' dir='ltr'>prooemia</span> <span class='ocrx_word' id='word_1_336' title='bbox 1531 3517 1714 3587; x_wconf 82' lang='lat' dir='ltr'>vulgus</span> <span class='ocrx_word' id='word_1_337' title='bbox 1738 3514 1801 3567; x_wconf 90' lang='lat' dir='ltr'>de</span> <span class='ocrx_word' id='word_1_338' title='bbox 1829 3513 1952 3586; x_wconf 77' lang='lat' dir='ltr'>juris</span> <span class='ocrx_word' id='word_1_339' title='bbox 1982 3522 2067 3563; x_wconf 87' lang='lat' dir='ltr'>aut</span> <span class='ocrx_word' id='word_1_340' title='bbox 2088 3510 2285 3563; x_wconf 87' lang='lat' dir='ltr'>ratione</span> 
     </span>
     <span class='ocr_line' id='line_1_51' title="bbox 1257 3589 2288 3668; baseline -0.011 -18"><span class='ocrx_word' id='word_1_341' title='bbox 1257 3608 1345 3650; x_wconf 85' lang='lat' dir='ltr'>aut</span> <span class='ocrx_word' id='word_1_342' title='bbox 1366 3595 1595 3668; x_wconf 73' lang='lat' dir='ltr'>aequitate</span> <span class='ocrx_word' id='word_1_343' title='bbox 1621 3591 1886 3648; x_wconf 85' lang='lat' dir='ltr'>edocentia</span> <span class='ocrx_word' id='word_1_344' title='bbox 1912 3589 2181 3644; x_wconf 89' lang='lat' dir='ltr'>admittunt</span> <span class='ocrx_word' id='word_1_345' title='bbox 2202 3605 2216 3640; x_wconf 66' lang='grc' dir='ltr'><strong>ι</strong></span> <span class='ocrx_word' id='word_1_346' title='bbox 2238 3599 2288 3640; x_wconf 85' lang='lat' dir='ltr'>at</span> 
     </span>
     <span class='ocr_line' id='line_1_52' title="bbox 1256 3667 2287 3747; baseline -0.008 -20"><span class='ocrx_word' id='word_1_347' title='bbox 1256 3675 1315 3728; x_wconf 88' lang='lat' dir='ltr'>in</span> <span class='ocrx_word' id='word_1_348' title='bbox 1346 3673 1453 3728; x_wconf 75' lang='lat' dir='ltr'>istis</span> <span class='ocrx_word' id='word_1_349' title='bbox 1484 3673 1617 3747; x_wconf 82' lang='lat' dir='ltr'>legg.</span> <span class='ocrx_word' id='word_1_350' title='bbox 1647 3692 1734 3738; x_wconf 86' lang='lat' dir='ltr'>ea,</span> <span class='ocrx_word' id='word_1_351' title='bbox 1762 3690 1913 3740; x_wconf 85' lang='lat' dir='ltr'>quam</span> <span class='ocrx_word' id='word_1_352' title='bbox 1938 3667 2168 3743; x_wconf 85' lang='lat' dir='ltr'>politiam</span> <span class='ocrx_word' id='word_1_353' title='bbox 2185 3687 2287 3720; x_wconf 89' lang='lat' dir='ltr'>vo·-</span> 
     </span>
    </p>
   </div>
   <div class='ocr_carea' id='block_1_14' title="bbox 159 3748 2285 3822">
    <p class='ocr_par' dir='ltr' id='par_1_17' title="bbox 159 3748 2285 3822">
     <span class='ocr_line' id='line_1_53' title="bbox 159 3748 2285 3822; baseline -0.003 -20"><span class='ocrx_word' id='word_1_354' title='bbox 159 3748 472 3810; x_wconf 67' lang='lat' dir='ltr'>quodexmsa.</span> <span class='ocrx_word' id='word_1_355' title='bbox 490 3772 546 3803; x_wconf 84' lang='grc' dir='ltr'>α.</span> <span class='ocrx_word' id='word_1_356' title='bbox 560 3761 610 3802; x_wconf 89' lang='lat' dir='ltr'>et</span> <span class='ocrx_word' id='word_1_357' title='bbox 621 3749 730 3803; x_wconf 87' lang='lat' dir='ltr'>Pal.</span> <span class='ocrx_word' id='word_1_358' title='bbox 749 3771 776 3802; x_wconf 82' lang='lat'>2</span> <span class='ocrx_word' id='word_1_359' title='bbox 797 3770 810 3814; x_wconf 92' lang='lat'>;</span> <span class='ocrx_word' id='word_1_360' title='bbox 825 3771 926 3819; x_wconf 81' lang='lat' dir='ltr'>pro</span> <span class='ocrx_word' id='word_1_361' title='bbox 944 3770 1002 3806; x_wconf 87' lang='lat' dir='ltr'>eo</span> <span class='ocrx_word' id='word_1_362' title='bbox 1021 3754 1166 3822; x_wconf 79' lang='lat' dir='ltr'>quod</span> <span class='ocrx_word' id='word_1_363' title='bbox 1263 3774 1453 3816; x_wconf 73' lang='lat' dir='ltr'>camus,</span> <span class='ocrx_word' id='word_1_364' title='bbox 1466 3753 1549 3805; x_wconf 82' lang='lat' dir='ltr'>vel</span> <span class='ocrx_word' id='word_1_365' title='bbox 1568 3751 1785 3805; x_wconf 83' lang='lat' dir='ltr'>maxime</span> <span class='ocrx_word' id='word_1_366' title='bbox 1810 3749 2167 3803; x_wconf 81' lang='lat' dir='ltr'>continebatur</span> <span class='ocrx_word' id='word_1_367' title='bbox 2184 3765 2285 3798; x_wconf 86' lang='lat' dir='ltr'>una</span> 
     </span>
    </p>
   </div>
   <div class='ocr_carea' id='block_1_15' title="bbox 159 3821 1162 4140">
    <p class='ocr_par' dir='ltr' id='par_1_18' title="bbox 161 3821 1160 3979">
     <span class='ocr_line' id='line_1_54' title="bbox 163 3821 1160 3903; baseline -0.004 -19"><span class='ocrx_word' id='word_1_368' title='bbox 163 3821 359 3896; x_wconf 67' lang='lat' dir='ltr'>(²bsquc</span> <span class='ocrx_word' id='word_1_369' title='bbox 385 3831 512 3899; x_wconf 75' lang='lat' dir='ltr'>qui)</span> <span class='ocrx_word' id='word_1_370' title='bbox 541 3847 583 3880; x_wconf 87' lang='lat' dir='ltr'>c.</span> <span class='ocrx_word' id='word_1_371' title='bbox 606 3826 678 3881; x_wconf 83' lang='lat' dir='ltr'>R.</span> <span class='ocrx_word' id='word_1_372' title='bbox 707 3829 774 3881; x_wconf 82' lang='grc' dir='ltr'>Α.</span> <span class='ocrx_word' id='word_1_373' title='bbox 805 3828 1160 3903; x_wconf 86' lang='lat' dir='ltr'>Snpplendum</span> 
     </span>
     <span class='ocr_line' id='line_1_55' title="bbox 161 3905 1045 3979; baseline 0.007 -26"><span class='ocrx_word' id='word_1_374' title='bbox 161 3909 248 3966; x_wconf 68' lang='lat' dir='ltr'>est,</span> <span class='ocrx_word' id='word_1_375' title='bbox 267 3907 342 3956; x_wconf 74' lang='lat' dir='ltr'>ait</span> <span class='ocrx_word' id='word_1_376' title='bbox 361 3905 684 3960; x_wconf 73' lang='lat' dir='ltr'>Posidonius</span> <span class='ocrx_word' id='word_1_377' title='bbox 702 3944 720 3974; x_wconf 80' lang='lat'><em>,</em></span> <span class='ocrx_word' id='word_1_378' title='bbox 743 3920 855 3979; x_wconf 79' lang='lat' dir='ltr'>post</span> <span class='ocrx_word' id='word_1_379' title='bbox 866 3907 1045 3976; x_wconf 76' lang='lat' dir='ltr'>probe.</span> 
     </span>
    </p>

    <p class='ocr_par' dir='ltr' id='par_1_19' title="bbox 159 3978 1162 4140">
     <span class='ocr_line' id='line_1_56' title="bbox 217 3978 1162 4054; baseline -0.002 -14"><span class='ocrx_word' id='word_1_380' title='bbox 217 3978 257 4040; x_wconf 78' lang='grc'>4·</span> <span class='ocrx_word' id='word_1_381' title='bbox 277 3980 496 4052; x_wconf 74' lang='lat' dir='ltr'>Legibus</span> <span class='ocrx_word' id='word_1_382' title='bbox 519 3985 722 4052; x_wconf 75' lang='lat' dir='ltr'>adjecta</span> <span class='ocrx_word' id='word_1_383' title='bbox 741 4005 825 4054; x_wconf 81' lang='lat' dir='ltr'>pr.</span> <span class='ocrx_word' id='word_1_384' title='bbox 845 3996 981 4039; x_wconf 79' lang='lat' dir='ltr'>sunt.</span> <span class='ocrx_word' id='word_1_385' title='bbox 1005 3983 1162 4054; x_wconf 85' lang='lat' dir='ltr'>Quod</span> 
     </span>
     <span class='ocr_line' id='line_1_57' title="bbox 159 4054 1161 4140; baseline 0.009 -32"><span class='ocrx_word' id='word_1_386' title='bbox 159 4054 320 4126; x_wconf 79' lang='lat' dir='ltr'>probat</span> <span class='ocrx_word' id='word_1_387' title='bbox 339 4059 520 4117; x_wconf 88' lang='lat' dir='ltr'>Cicero</span> <span class='ocrx_word' id='word_1_388' title='bbox 546 4062 607 4116; x_wconf 87' lang='lat' dir='ltr'>de</span> <span class='ocrx_word' id='word_1_389' title='bbox 631 4065 790 4140; x_wconf 79' lang='lat' dir='ltr'>Legg.</span> <span class='ocrx_word' id='word_1_390' title='bbox 812 4065 897 4135; x_wconf 89' lang='lat'>11,</span> <span class='ocrx_word' id='word_1_391' title='bbox 919 4065 988 4120; x_wconf 81' lang='lat'>5:</span> <span class='ocrx_word' id='word_1_392' title='bbox 1015 4087 1042 4114; x_wconf 74' lang='grc' dir='ltr'><strong><em>κ</em></strong></span> <span class='ocrx_word' id='word_1_393' title='bbox 1057 4065 1161 4117; x_wconf 89' lang='lat' dir='ltr'>Sed</span> 
     </span>
    </p>
   </div>
   <div class='ocr_carea' id='block_1_16' title="bbox 1263 3821 2288 3900">
    <p class='ocr_par' dir='ltr' id='par_1_20' title="bbox 1263 3821 2288 3900">
     <span class='ocr_line' id='line_1_58' title="bbox 1263 3821 2288 3900; baseline -0.009 -19"><span class='ocrx_word' id='word_1_394' title='bbox 1263 3847 1380 3881; x_wconf 88' lang='lat' dir='ltr'>cum</span> <span class='ocrx_word' id='word_1_395' title='bbox 1400 3827 1595 3882; x_wconf 77' lang='lat' dir='ltr'>ethicis.</span> <span class='ocrx_word' id='word_1_396' title='bbox 1621 3827 1767 3879; x_wconf 85' lang='lat' dir='ltr'>Plato</span> <span class='ocrx_word' id='word_1_397' title='bbox 1792 3825 1855 3880; x_wconf 87' lang='lat' dir='ltr'>de</span> <span class='ocrx_word' id='word_1_398' title='bbox 1877 3825 2131 3900; x_wconf 81' lang='lat' dir='ltr'>prooemiis</span> <span class='ocrx_word' id='word_1_399' title='bbox 2156 3821 2288 3892; x_wconf 83' lang='lat' dir='ltr'>legi-</span> 
     </span>
    </p>
   </div>
   <div class='ocr_carea' id='block_1_17' title="bbox 1259 3903 2287 4056">
    <p class='ocr_par' dir='ltr' id='par_1_21' title="bbox 1259 3903 2287 4056">
     <span class='ocr_line' id='line_1_59' title="bbox 1259 3903 2287 3982; baseline -0.005 -23"><span class='ocrx_word' id='word_1_400' title='bbox 1259 3906 1355 3960; x_wconf 81' lang='lat' dir='ltr'>bus</span> <span class='ocrx_word' id='word_1_401' title='bbox 1382 3905 1745 3982; x_wconf 68' lang='lat' dir='ltr'>praemittendis</span> <span class='ocrx_word' id='word_1_402' title='bbox 1773 3905 1997 3982; x_wconf 82' lang='lat' dir='ltr'>exposuit</span> <span class='ocrx_word' id='word_1_403' title='bbox 2022 3903 2103 3954; x_wconf 86' lang='lat' dir='ltr'>De</span> <span class='ocrx_word' id='word_1_404' title='bbox 2134 3903 2287 3972; x_wconf 79' lang='lat' dir='ltr'>Legg.</span> 
     </span>
     <span class='ocr_line' id='line_1_60' title="bbox 1259 3979 2283 4056; baseline -0.01 -18"><span class='ocrx_word' id='word_1_405' title='bbox 1259 3987 1355 4050; x_wconf 81' lang='lat' dir='ltr'>lv,</span> <span class='ocrx_word' id='word_1_406' title='bbox 1379 4005 1426 4056; x_wconf 88' lang='lat' dir='ltr'>p.</span> <span class='ocrx_word' id='word_1_407' title='bbox 1452 3984 1541 4056; x_wconf 83' lang='lat'>198</span> <span class='ocrx_word' id='word_1_408' title='bbox 1558 3995 1607 4037; x_wconf 84' lang='lat' dir='ltr'>et</span> <span class='ocrx_word' id='word_1_409' title='bbox 1624 3983 1734 4036; x_wconf 87' lang='lat' dir='ltr'>init.</span> <span class='ocrx_word' id='word_1_410' title='bbox 1755 3983 1791 4036; x_wconf 88' lang='lat' dir='ltr'>l.</span> <span class='ocrx_word' id='word_1_411' title='bbox 1810 3983 1857 4034; x_wconf 87' lang='lat' dir='ltr'>V</span> <span class='ocrx_word' id='word_1_412' title='bbox 1873 4023 1886 4049; x_wconf 87' lang='lat'>‚</span> <span class='ocrx_word' id='word_1_413' title='bbox 1905 3993 1939 4034; x_wconf 91' lang='lat' dir='ltr'>t.</span> <span class='ocrx_word' id='word_1_414' title='bbox 1956 3979 2078 4032; x_wconf 86' lang='lat' dir='ltr'>vm</span> <span class='ocrx_word' id='word_1_415' title='bbox 2094 3979 2197 4050; x_wconf 90' lang='lat' dir='ltr'>bip.</span> <span class='ocrx_word' id='word_1_416' title='bbox 2216 3979 2283 4030; x_wconf 77' lang='lat' dir='ltr'>R.</span> 
     </span>
    </p>
   </div>
   <div class='ocr_carea' id='block_1_18' title="bbox 2334 2076 2399 2129">
    <p class='ocr_par' dir='ltr' id='par_1_22' title="bbox 2334 2076 2399 2129">
     <span class='ocr_line' id='line_1_61' title="bbox 2334 2076 2399 2129; baseline 0 0"><span class='ocrx_word' id='word_1_417' title='bbox 2334 2076 2399 2129; x_wconf 82' lang='lat'>38</span> 
     </span>
    </p>
   </div>
   <div class='ocr_carea' id='block_1_19' title="bbox 1329 4058 2381 4133">
    <p class='ocr_par' dir='ltr' id='par_1_23' title="bbox 1329 4058 2381 4133">
     <span class='ocr_line' id='line_1_62' title="bbox 1329 4058 2381 4133; baseline -0.004 -19"><span class='ocrx_word' id='word_1_418' title='bbox 1329 4067 1373 4115; x_wconf 91' lang='grc'>5.</span> <span class='ocrx_word' id='word_1_419' title='bbox 1396 4062 1584 4133; x_wconf 75' lang='lat' dir='ltr'>Legem</span> <span class='ocrx_word' id='word_1_420' title='bbox 1608 4067 1763 4117; x_wconf 75' lang='lat' dir='ltr'>enim.</span> <span class='ocrx_word' id='word_1_421' title='bbox 1786 4061 1885 4116; x_wconf 78' lang='lat' dir='ltr'>Hic</span> <span class='ocrx_word' id='word_1_422' title='bbox 1911 4071 2109 4112; x_wconf 85' lang='lat' dir='ltr'>tantum</span> <span class='ocrx_word' id='word_1_423' title='bbox 2128 4058 2179 4109; x_wconf 89' lang='lat' dir='ltr'>in</span> <span class='ocrx_word' id='word_1_424' title='bbox 2207 4059 2285 4111; x_wconf 79' lang='lat' dir='ltr'>ed.</span> <span class='ocrx_word' id='word_1_425' title='bbox 2356 4071 2381 4084; x_wconf 78' lang='lat'><strong><em>‘</em></strong></span> 
     </span>
    </p>
   </div>
  </div>
 </body>
</html>
