<?xml version="1.0" encoding="UTF-8"?>
<!DOCTYPE html PUBLIC "-//W3C//DTD XHTML 1.0 Transitional//EN"
    "http://www.w3.org/TR/xhtml1/DTD/xhtml1-transitional.dtd">
<html xmlns="http://www.w3.org/1999/xhtml" xml:lang="en" lang="en">
 <head>
  <title>
</title>
<meta http-equiv="Content-Type" content="text/html;charset=utf-8" />
  <meta name='ocr-system' content='tesseract 3.04.00' />
  <meta name='ocr-capabilities' content='ocr_page ocr_carea ocr_par ocr_line ocrx_word'/>
</head>
<body>
  <div class='ocr_page' id='page_1' title='image "./lannaeisenecaeo04bouigoog_0668.png"; bbox 0 0 2667 4475; ppageno 0'>
   <div class='ocr_carea' id='block_1_1' title="bbox 463 303 2297 399">
    <p class='ocr_par' dir='ltr' id='par_1_1' title="bbox 463 303 2297 399">
     <span class='ocr_line' id='line_1_1' title="bbox 463 303 2297 399; baseline 0.002 -30"><span class='ocrx_word' id='word_1_1' title='bbox 463 304 970 374; x_wconf 84' lang='lat' dir='ltr'><strong>PHYSIOL.</strong></span> <span class='ocrx_word' id='word_1_2' title='bbox 1023 303 1537 375; x_wconf 75' lang='lat' dir='ltr'><strong>sTolcon.</strong></span> <span class='ocrx_word' id='word_1_3' title='bbox 1592 304 1789 371; x_wconf 76' lang='lat' dir='ltr'><strong>mn.</strong></span> <span class='ocrx_word' id='word_1_4' title='bbox 1842 303 1996 371; x_wconf 89' lang='lat'>111.</span> <span class='ocrx_word' id='word_1_5' title='bbox 2172 307 2297 399; x_wconf 75' lang='lat'><strong>671</strong></span> 
     </span>
    </p>
   </div>
   <div class='ocr_carea' id='block_1_2' title="bbox 152 444 2313 853">
    <p class='ocr_par' dir='ltr' id='par_1_2' title="bbox 152 444 2313 853">
     <span class='ocr_line' id='line_1_2' title="bbox 155 444 2313 529; baseline 0.002 -26"><span class='ocrx_word' id='word_1_6' title='bbox 155 459 274 505; x_wconf 87' lang='lat' dir='ltr'><strong>tur.</strong></span> <span class='ocrx_word' id='word_1_7' title='bbox 311 471 340 499; x_wconf 77' lang='grc' dir='ltr'><strong>ιο</strong></span> <span class='ocrx_word' id='word_1_8' title='bbox 377 444 650 507; x_wconf 85' lang='lat' dir='ltr'><strong>Notemus</strong></span> <span class='ocrx_word' id='word_1_9' title='bbox 695 446 1001 507; x_wconf 78' lang='lat' dir='ltr'><strong>discrimen</strong></span> <span class='ocrx_word' id='word_1_10' title='bbox 1047 448 1194 507; x_wconf 84' lang='lat' dir='ltr'><strong>inter</strong></span> <span class='ocrx_word' id='word_1_11' title='bbox 1235 448 1499 507; x_wconf 79' lang='lat' dir='ltr'>Animam</span> <span class='ocrx_word' id='word_1_12' title='bbox 1520 491 1536 522; x_wconf 95' lang='lat'><strong>,</strong></span> <span class='ocrx_word' id='word_1_13' title='bbox 1574 459 1630 507; x_wconf 85' lang='lat' dir='ltr'><strong>et</strong></span> <span class='ocrx_word' id='word_1_14' title='bbox 1667 448 1937 507; x_wconf 81' lang='lat' dir='ltr'><strong>Animum</strong></span> <span class='ocrx_word' id='word_1_15' title='bbox 1956 490 1975 520; x_wconf 86' lang='lat'><strong>,</strong></span> <span class='ocrx_word' id='word_1_16' title='bbox 2006 446 2164 529; x_wconf 87' lang='lat' dir='ltr'><strong>quod</strong></span> <span class='ocrx_word' id='word_1_17' title='bbox 2192 446 2313 509; x_wconf 83' lang='lat' dir='ltr'><strong>fere</strong></span> 
     </span>
     <span class='ocr_line' id='line_1_3' title="bbox 153 550 2309 634; baseline 0.002 -23"><span class='ocrx_word' id='word_1_18' title='bbox 153 553 366 633; x_wconf 76' lang='lat' dir='ltr'>priscis</span> <span class='ocrx_word' id='word_1_19' title='bbox 402 550 620 612; x_wconf 88' lang='lat' dir='ltr'><strong>Latinis</strong></span> <span class='ocrx_word' id='word_1_20' title='bbox 653 552 783 613; x_wconf 82' lang='lat' dir='ltr'><strong>fuit.</strong></span> <span class='ocrx_word' id='word_1_21' title='bbox 821 552 967 613; x_wconf 85' lang='lat' dir='ltr'><strong>Nam</strong></span> <span class='ocrx_word' id='word_1_22' title='bbox 996 554 1091 612; x_wconf 78' lang='lat' dir='ltr'><strong>ill-a</strong></span> <span class='ocrx_word' id='word_1_23' title='bbox 1122 567 1207 613; x_wconf 85' lang='lat' dir='ltr'><strong>est</strong></span> <span class='ocrx_word' id='word_1_24' title='bbox 1225 598 1241 627; x_wconf 91' lang='lat'><strong>,</strong></span> <span class='ocrx_word' id='word_1_25' title='bbox 1272 576 1386 634; x_wconf 84' lang='lat' dir='ltr'><strong>qua</strong></span> <span class='ocrx_word' id='word_1_26' title='bbox 1414 554 1657 627; x_wconf 82' lang='lat' dir='ltr'><strong>vivimus</strong></span> <span class='ocrx_word' id='word_1_27' title='bbox 1675 598 1692 629; x_wconf 89' lang='lat'><strong>,</strong></span> <span class='ocrx_word' id='word_1_28' title='bbox 1729 576 1794 613; x_wconf 87' lang='lat' dir='ltr'><strong>ac</strong></span> <span class='ocrx_word' id='word_1_29' title='bbox 1823 554 2098 627; x_wconf 80' lang='lat' dir='ltr'><strong>sentimus</strong></span> <span class='ocrx_word' id='word_1_30' title='bbox 2123 576 2140 613; x_wconf 69' lang='grc' dir='ltr'><em>τ</em></span> <span class='ocrx_word' id='word_1_31' title='bbox 2166 555 2272 615; x_wconf 85' lang='lat' dir='ltr'><strong>iste</strong></span> <span class='ocrx_word' id='word_1_32' title='bbox 2292 598 2309 627; x_wconf 92' lang='lat'>‚</span> 
     </span>
     <span class='ocr_line' id='line_1_4' title="bbox 152 658 2313 741; baseline 0.003 -26"><span class='ocrx_word' id='word_1_33' title='bbox 152 680 279 737; x_wconf 91' lang='lat' dir='ltr'><strong>quo</strong></span> <span class='ocrx_word' id='word_1_34' title='bbox 323 658 692 740; x_wconf 81' lang='lat' dir='ltr'><strong>intelligimus</strong></span> <span class='ocrx_word' id='word_1_35' title='bbox 735 661 1124 741; x_wconf 78' lang='lat' dir='ltr'><strong>sapimusque.</strong></span> <span class='ocrx_word' id='word_1_36' title='bbox 1168 659 1373 741; x_wconf 85' lang='lat' dir='ltr'><strong>Itaque</strong></span> <span class='ocrx_word' id='word_1_37' title='bbox 1410 660 1606 720; x_wconf 81' lang='lat' dir='ltr'><strong>hestiis</strong></span> <span class='ocrx_word' id='word_1_38' title='bbox 1647 659 1801 721; x_wconf 87' lang='lat' dir='ltr'><strong>haud</strong></span> <span class='ocrx_word' id='word_1_39' title='bbox 1838 672 2053 719; x_wconf 87' lang='lat' dir='ltr'><strong>temere</strong></span> <span class='ocrx_word' id='word_1_40' title='bbox 2094 673 2313 721; x_wconf 83' lang='lat' dir='ltr'><strong>veteres</strong></span> 
     </span>
     <span class='ocr_line' id='line_1_5' title="bbox 152 764 1132 853; baseline 0.001 -30"><span class='ocrx_word' id='word_1_41' title='bbox 152 764 396 853; x_wconf 79' lang='lat' dir='ltr'><strong>dabant.</strong></span> <span class='ocrx_word' id='word_1_42' title='bbox 429 766 616 824; x_wconf 84' lang='lat' dir='ltr'><strong>Attius</strong></span> <span class='ocrx_word' id='word_1_43' title='bbox 646 764 804 845; x_wconf 86' lang='lat' dir='ltr'><strong>apud</strong></span> <span class='ocrx_word' id='word_1_44' title='bbox 839 764 1086 825; x_wconf 83' lang='lat' dir='ltr'><strong>Nonium</strong></span> <span class='ocrx_word' id='word_1_45' title='bbox 1115 790 1132 824; x_wconf 75' lang='grc' dir='ltr'><strong><em>ε</em></strong></span> 
     </span>
    </p>
   </div>
   <div class='ocr_carea' id='block_1_3' title="bbox 293 940 2048 1008">
    <p class='ocr_par' dir='ltr' id='par_1_3' title="bbox 293 940 2048 1008">
     <span class='ocr_line' id='line_1_6' title="bbox 293 940 2048 1008; baseline -0.001 -19"><span class='ocrx_word' id='word_1_46' title='bbox 293 941 522 1008; x_wconf 75' lang='lat' dir='ltr'><strong>sapimus</strong></span> <span class='ocrx_word' id='word_1_47' title='bbox 542 940 719 990; x_wconf 74' lang='lat' dir='ltr'><strong>Animo</strong></span> <span class='ocrx_word' id='word_1_48' title='bbox 735 978 751 1002; x_wconf 91' lang='lat'><strong>,</strong></span> <span class='ocrx_word' id='word_1_49' title='bbox 779 940 986 991; x_wconf 85' lang='lat' dir='ltr'>fruimur</span> <span class='ocrx_word' id='word_1_50' title='bbox 1006 941 1182 991; x_wconf 77' lang='lat' dir='ltr'><strong>Anima</strong></span> <span class='ocrx_word' id='word_1_51' title='bbox 1207 958 1218 989; x_wconf 92' lang='lat'>:</span> <span class='ocrx_word' id='word_1_52' title='bbox 1241 940 1343 991; x_wconf 83' lang='lat' dir='ltr'><strong>sine</strong></span> <span class='ocrx_word' id='word_1_53' title='bbox 1368 942 1546 992; x_wconf 79' lang='lat' dir='ltr'><strong>Animo</strong></span> <span class='ocrx_word' id='word_1_54' title='bbox 1571 942 1747 991; x_wconf 76' lang='lat' dir='ltr'><strong>Anima</strong></span> <span class='ocrx_word' id='word_1_55' title='bbox 1770 946 1843 990; x_wconf 83' lang='lat' dir='ltr'><strong>est</strong></span> <span class='ocrx_word' id='word_1_56' title='bbox 1861 940 2048 991; x_wconf 78' lang='lat' dir='ltr'><strong>debilis.</strong></span> 
     </span>
    </p>
   </div>
   <div class='ocr_carea' id='block_1_4' title="bbox 139 1122 2321 2484">
    <p class='ocr_par' dir='ltr' id='par_1_4' title="bbox 139 1122 2321 2484">
     <span class='ocr_line' id='line_1_7' title="bbox 150 1122 2317 1209; baseline 0.001 -26"><span class='ocrx_word' id='word_1_57' title='bbox 150 1125 538 1207; x_wconf 82' lang='lat' dir='ltr'><strong>Distinguunt</strong></span> <span class='ocrx_word' id='word_1_58' title='bbox 567 1138 626 1185; x_wconf 87' lang='lat' dir='ltr'><strong>et</strong></span> <span class='ocrx_word' id='word_1_59' title='bbox 650 1122 920 1207; x_wconf 79' lang='lat' dir='ltr'><strong>Epicurei</strong></span> <span class='ocrx_word' id='word_1_60' title='bbox 945 1171 961 1202; x_wconf 97' lang='lat'><strong>,</strong></span> <span class='ocrx_word' id='word_1_61' title='bbox 1014 1148 1081 1186; x_wconf 85' lang='lat' dir='ltr'><strong>ac</strong></span> <span class='ocrx_word' id='word_1_62' title='bbox 1125 1126 1421 1186; x_wconf 86' lang='lat' dir='ltr'><strong>Lucretius</strong></span> <span class='ocrx_word' id='word_1_63' title='bbox 1458 1125 1697 1207; x_wconf 84' lang='lat' dir='ltr'>pulchre</span> <span class='ocrx_word' id='word_1_64' title='bbox 1734 1126 2007 1185; x_wconf 83' lang='lat' dir='ltr'><strong>Animum</strong></span> <span class='ocrx_word' id='word_1_65' title='bbox 2036 1127 2194 1186; x_wconf 80' lang='lat' dir='ltr'><strong>velut</strong></span> <span class='ocrx_word' id='word_1_66' title='bbox 2214 1150 2317 1209; x_wconf 78' lang='lat' dir='ltr'><strong>pu-</strong></span> 
     </span>
     <span class='ocr_line' id='line_1_8' title="bbox 139 1230 2315 1315; baseline 0 -24"><span class='ocrx_word' id='word_1_67' title='bbox 139 1234 354 1311; x_wconf 81' lang='lat' dir='ltr'><strong>pulam</strong></span> <span class='ocrx_word' id='word_1_68' title='bbox 384 1234 564 1303; x_wconf 80' lang='lat' dir='ltr'><strong>oculi,</strong></span> <span class='ocrx_word' id='word_1_69' title='bbox 603 1234 666 1293; x_wconf 90' lang='lat' dir='ltr'><strong>id</strong></span> <span class='ocrx_word' id='word_1_70' title='bbox 698 1247 784 1293; x_wconf 86' lang='lat' dir='ltr'><strong>est</strong></span> <span class='ocrx_word' id='word_1_71' title='bbox 803 1276 820 1308; x_wconf 89' lang='lat'><strong>,</strong></span> <span class='ocrx_word' id='word_1_72' title='bbox 854 1234 1072 1294; x_wconf 83' lang='lat' dir='ltr'><strong>Animae</strong></span> <span class='ocrx_word' id='word_1_73' title='bbox 1092 1278 1109 1307; x_wconf 93' lang='lat'><strong>,</strong></span> <span class='ocrx_word' id='word_1_74' title='bbox 1157 1233 1313 1293; x_wconf 82' lang='lat' dir='ltr'><strong>facit.</strong></span> <span class='ocrx_word' id='word_1_75' title='bbox 1349 1234 1545 1315; x_wconf 88' lang='lat' dir='ltr'><strong>Ipsum</strong></span> <span class='ocrx_word' id='word_1_76' title='bbox 1592 1234 1702 1293; x_wconf 85' lang='lat' dir='ltr'><strong>hoc</strong></span> <span class='ocrx_word' id='word_1_77' title='bbox 1736 1230 1900 1292; x_wconf 89' lang='lat' dir='ltr'><strong>Philo</strong></span> <span class='ocrx_word' id='word_1_78' title='bbox 1924 1232 2069 1313; x_wconf 81' lang='lat' dir='ltr'><strong>(lib.</strong></span> <span class='ocrx_word' id='word_1_79' title='bbox 2118 1234 2211 1293; x_wconf 90' lang='grc' dir='ltr'><strong>ῙΠ</strong></span> <span class='ocrx_word' id='word_1_80' title='bbox 2242 1236 2315 1294; x_wconf 87' lang='lat' dir='ltr'><strong>de</strong></span> 
     </span>
     <span class='ocr_line' id='line_1_9' title="bbox 147 1338 2315 1423; baseline 0.001 -25"><span class='ocrx_word' id='word_1_81' title='bbox 147 1338 368 1421; x_wconf 77' lang='lat' dir='ltr'><strong>opific.</strong></span> <span class='ocrx_word' id='word_1_82' title='bbox 405 1340 660 1423; x_wconf 84' lang='lat' dir='ltr'><strong>Mundi)</strong></span> <span class='ocrx_word' id='word_1_83' title='bbox 685 1366 702 1400; x_wconf 73' lang='grc' dir='ltr'><strong><em>ε</em></strong></span> <span class='ocrx_word' id='word_1_84' title='bbox 741 1368 768 1395; x_wconf 76' lang='grc' dir='ltr'><strong>«ι</strong></span> <span class='ocrx_word' id='word_1_85' title='bbox 795 1343 1034 1401; x_wconf 87' lang='lat' dir='ltr'><strong>Homini</strong></span> <span class='ocrx_word' id='word_1_86' title='bbox 1068 1344 1341 1413; x_wconf 84' lang='lat' dir='ltr'><strong>Animum</strong></span> <span class='ocrx_word' id='word_1_87' title='bbox 1382 1342 1660 1403; x_wconf 80' lang='lat' dir='ltr'><strong>eximium</strong></span> <span class='ocrx_word' id='word_1_88' title='bbox 1688 1341 1879 1416; x_wconf 83' lang='lat' dir='ltr'><strong>dedit,</strong></span> <span class='ocrx_word' id='word_1_89' title='bbox 1905 1342 2075 1400; x_wconf 82' lang='lat' dir='ltr'><strong>aliam</strong></span> <span class='ocrx_word' id='word_1_90' title='bbox 2098 1342 2315 1401; x_wconf 73' lang='lat' dir='ltr'><strong>Animae</strong></span> 
     </span>
     <span class='ocr_line' id='line_1_10' title="bbox 151 1447 2317 1530; baseline 0.002 -26"><span class='ocrx_word' id='word_1_91' title='bbox 151 1447 410 1505; x_wconf 78' lang='lat' dir='ltr'><strong>animam</strong></span> <span class='ocrx_word' id='word_1_92' title='bbox 427 1490 444 1521; x_wconf 93' lang='lat'><strong>,</strong></span> <span class='ocrx_word' id='word_1_93' title='bbox 482 1460 540 1506; x_wconf 87' lang='lat' dir='ltr'><strong>et</strong></span> <span class='ocrx_word' id='word_1_94' title='bbox 565 1450 722 1508; x_wconf 80' lang='lat' dir='ltr'><strong>velut</strong></span> <span class='ocrx_word' id='word_1_95' title='bbox 751 1450 1028 1529; x_wconf 84' lang='lat' dir='ltr'><strong>pupulam</strong></span> <span class='ocrx_word' id='word_1_96' title='bbox 1056 1450 1118 1509; x_wconf 87' lang='lat' dir='ltr'><strong>in</strong></span> <span class='ocrx_word' id='word_1_97' title='bbox 1147 1450 1332 1509; x_wconf 87' lang='lat' dir='ltr'><strong>oculo.</strong></span> <span class='ocrx_word' id='word_1_98' title='bbox 1360 1476 1387 1501; x_wconf 72' lang='grc' dir='ltr'><strong>ι»</strong></span> <span class='ocrx_word' id='word_1_99' title='bbox 1421 1448 1528 1508; x_wconf 83' lang='lat' dir='ltr'><strong>Est</strong></span> <span class='ocrx_word' id='word_1_100' title='bbox 1553 1448 1709 1529; x_wconf 90' lang='lat' dir='ltr'><strong>quod</strong></span> <span class='ocrx_word' id='word_1_101' title='bbox 1736 1448 2024 1508; x_wconf 83' lang='lat' dir='ltr'><strong>Homerus</strong></span> <span class='ocrx_word' id='word_1_102' title='bbox 2045 1447 2135 1530; x_wconf 89' lang='lat' dir='ltr'><strong>(ut</strong></span> <span class='ocrx_word' id='word_1_103' title='bbox 2159 1448 2317 1508; x_wconf 77' lang='lat' dir='ltr'><strong>Plato</strong></span> 
     </span>
     <span class='ocr_line' id='line_1_11' title="bbox 151 1550 2315 1639; baseline 0.003 -30"><span class='ocrx_word' id='word_1_104' title='bbox 151 1563 322 1610; x_wconf 83' lang='lat' dir='ltr'><strong>notat</strong></span> <span class='ocrx_word' id='word_1_105' title='bbox 341 1553 402 1610; x_wconf 92' lang='lat' dir='ltr'><strong>in</strong></span> <span class='ocrx_word' id='word_1_106' title='bbox 421 1550 734 1635; x_wconf 72' lang='lat' dir='ltr'><strong>Theaeteto)</strong></span> <span class='ocrx_word' id='word_1_107' title='bbox 754 1556 932 1635; x_wconf 77' lang='grc' dir='ltr'>ψυχῆς</span> <span class='ocrx_word' id='word_1_108' title='bbox 951 1560 1075 1639; x_wconf 70' lang='grc' dir='ltr'><strong>κέαρ</strong></span> <span class='ocrx_word' id='word_1_109' title='bbox 1103 1556 1250 1615; x_wconf 84' lang='lat' dir='ltr'><strong>dixit</strong></span> <span class='ocrx_word' id='word_1_110' title='bbox 1265 1598 1282 1628; x_wconf 93' lang='lat'><strong>,</strong></span> <span class='ocrx_word' id='word_1_111' title='bbox 1305 1576 1405 1614; x_wconf 82' lang='lat' dir='ltr'><strong>cor·</strong></span> <span class='ocrx_word' id='word_1_112' title='bbox 1420 1552 1649 1613; x_wconf 68' lang='lat' dir='ltr'><strong>Animw</strong></span> <span class='ocrx_word' id='word_1_113' title='bbox 1662 1576 1683 1613; x_wconf 90' lang='lat'><strong>.·</strong></span> <span class='ocrx_word' id='word_1_114' title='bbox 1706 1555 1855 1613; x_wconf 85' lang='lat' dir='ltr'><strong>sicut</strong></span> <span class='ocrx_word' id='word_1_115' title='bbox 1870 1552 2055 1613; x_wconf 77' lang='lat' dir='ltr'><strong>Latini</strong></span> <span class='ocrx_word' id='word_1_116' title='bbox 2066 1553 2315 1615; x_wconf 76' lang='lat' dir='ltr'><strong>Mentem</strong></span> 
     </span>
     <span class='ocr_line' id='line_1_12' title="bbox 151 1658 2313 1741; baseline 0.001 -24"><span class='ocrx_word' id='word_1_117' title='bbox 151 1658 347 1717; x_wconf 79' lang='lat' dir='ltr'><strong>animi</strong></span> <span class='ocrx_word' id='word_1_118' title='bbox 359 1678 508 1740; x_wconf 79' lang='lat' dir='ltr'><strong>saepe</strong></span> <span class='ocrx_word' id='word_1_119' title='bbox 527 1702 547 1732; x_wconf 91' lang='lat'><strong>,</strong></span> <span class='ocrx_word' id='word_1_120' title='bbox 577 1672 634 1718; x_wconf 84' lang='lat' dir='ltr'><strong>et</strong></span> <span class='ocrx_word' id='word_1_121' title='bbox 655 1662 962 1741; x_wconf 74' lang='lat' dir='ltr'><strong>saepissime</strong></span> <span class='ocrx_word' id='word_1_122' title='bbox 983 1660 1232 1719; x_wconf 81' lang='lat' dir='ltr'><strong>Mentem</strong></span> <span class='ocrx_word' id='word_1_123' title='bbox 1247 1706 1261 1729; x_wconf 87' lang='grc'>,</span> <span class='ocrx_word' id='word_1_124' title='bbox 1290 1659 1553 1718; x_wconf 82' lang='lat' dir='ltr'><strong>Graecum</strong></span> <span class='ocrx_word' id='word_1_125' title='bbox 1574 1658 1717 1718; x_wconf 90' lang='lat' dir='ltr'><strong>illud</strong></span> <span class='ocrx_word' id='word_1_126' title='bbox 1734 1670 1875 1721; x_wconf 76' lang='grc' dir='ltr'><strong>Νοῦν</strong></span> <span class='ocrx_word' id='word_1_127' title='bbox 1908 1660 2313 1739; x_wconf 69' lang='lat' dir='ltr'><strong>exprimentes.</strong></span> 
     </span>
     <span class='ocr_line' id='line_1_13' title="bbox 151 1764 2321 1849; baseline 0.001 -26"><span class='ocrx_word' id='word_1_128' title='bbox 151 1764 490 1826; x_wconf 79' lang='lat' dir='ltr'><strong>Lactantius</strong></span> <span class='ocrx_word' id='word_1_129' title='bbox 512 1765 818 1849; x_wconf 82' lang='lat' dir='ltr'><strong>(lib.V11)</strong></span> <span class='ocrx_word' id='word_1_130' title='bbox 836 1790 855 1826; x_wconf 74' lang='grc' dir='ltr'><em>ε</em></span> <span class='ocrx_word' id='word_1_131' title='bbox 875 1792 903 1820; x_wconf 74' lang='grc' dir='ltr'><strong>«ι</strong></span> <span class='ocrx_word' id='word_1_132' title='bbox 922 1766 1051 1826; x_wconf 85' lang='lat' dir='ltr'><strong>Non</strong></span> <span class='ocrx_word' id='word_1_133' title='bbox 1069 1779 1154 1826; x_wconf 85' lang='lat' dir='ltr'><strong>est</strong></span> <span class='ocrx_word' id='word_1_134' title='bbox 1175 1766 1328 1827; x_wconf 87' lang='lat' dir='ltr'><strong>idem</strong></span> <span class='ocrx_word' id='word_1_135' title='bbox 1348 1765 1517 1825; x_wconf 85' lang='lat' dir='ltr'><strong>Mens</strong></span> <span class='ocrx_word' id='word_1_136' title='bbox 1539 1777 1597 1824; x_wconf 86' lang='lat' dir='ltr'><strong>et</strong></span> <span class='ocrx_word' id='word_1_137' title='bbox 1614 1766 1823 1825; x_wconf 81' lang='lat' dir='ltr'><strong>Anima</strong></span> <span class='ocrx_word' id='word_1_138' title='bbox 1842 1788 1859 1837; x_wconf 81' lang='lat'>3</span> <span class='ocrx_word' id='word_1_139' title='bbox 1882 1764 2037 1824; x_wconf 80' lang='lat' dir='ltr'><strong>aliud</strong></span> <span class='ocrx_word' id='word_1_140' title='bbox 2058 1777 2145 1825; x_wconf 81' lang='lat' dir='ltr'><strong>est</strong></span> <span class='ocrx_word' id='word_1_141' title='bbox 2164 1766 2321 1826; x_wconf 86' lang='lat' dir='ltr'><strong>enim</strong></span> 
     </span>
     <span class='ocr_line' id='line_1_14' title="bbox 149 1868 2321 1955; baseline 0.001 -27"><span class='ocrx_word' id='word_1_142' title='bbox 149 1891 282 1952; x_wconf 86' lang='lat' dir='ltr'><strong>quo</strong></span> <span class='ocrx_word' id='word_1_143' title='bbox 315 1871 561 1931; x_wconf 82' lang='lat' dir='ltr'><strong>vivimus</strong></span> <span class='ocrx_word' id='word_1_144' title='bbox 575 1914 592 1946; x_wconf 90' lang='lat'><strong>,</strong></span> <span class='ocrx_word' id='word_1_145' title='bbox 624 1872 783 1931; x_wconf 83' lang='lat' dir='ltr'><strong>alind</strong></span> <span class='ocrx_word' id='word_1_146' title='bbox 807 1892 922 1953; x_wconf 89' lang='lat' dir='ltr'><strong>quo</strong></span> <span class='ocrx_word' id='word_1_147' title='bbox 946 1873 1280 1955; x_wconf 77' lang='lat' dir='ltr'><strong>cogitamus.</strong></span> <span class='ocrx_word' id='word_1_148' title='bbox 1308 1898 1339 1925; x_wconf 69' lang='grc' dir='ltr'><strong>ιι</strong></span> <span class='ocrx_word' id='word_1_149' title='bbox 1376 1868 1491 1932; x_wconf 82' lang='lat' dir='ltr'><strong>Sed</strong></span> <span class='ocrx_word' id='word_1_150' title='bbox 1517 1872 1707 1953; x_wconf 83' lang='lat' dir='ltr'><strong>pergit</strong></span> <span class='ocrx_word' id='word_1_151' title='bbox 1728 1872 1942 1945; x_wconf 78' lang='lat' dir='ltr'><strong>Varro,</strong></span> <span class='ocrx_word' id='word_1_152' title='bbox 1978 1872 2085 1930; x_wconf 85' lang='lat' dir='ltr'><strong>isto</strong></span> <span class='ocrx_word' id='word_1_153' title='bbox 2112 1872 2321 1932; x_wconf 79' lang='lat' dir='ltr'><strong>Animo</strong></span> 
     </span>
     <span class='ocr_line' id='line_1_15' title="bbox 155 1979 2318 2065; baseline 0.003 -33"><span class='ocrx_word' id='word_1_154' title='bbox 155 2006 189 2032; x_wconf 72' lang='grc' dir='ltr'><strong>α</strong></span> <span class='ocrx_word' id='word_1_155' title='bbox 223 1998 422 2039; x_wconf 85' lang='lat' dir='ltr'><strong>omnes</strong></span> <span class='ocrx_word' id='word_1_156' title='bbox 448 2000 644 2039; x_wconf 85' lang='lat' dir='ltr'><strong>carere</strong></span> <span class='ocrx_word' id='word_1_157' title='bbox 668 1979 936 2040; x_wconf 77' lang='lat' dir='ltr'><strong>mortales</strong></span> <span class='ocrx_word' id='word_1_158' title='bbox 961 2001 978 2039; x_wconf 70' lang='grc' dir='ltr'><strong>ε</strong></span> <span class='ocrx_word' id='word_1_159' title='bbox 1011 2005 1040 2033; x_wconf 76' lang='grc' dir='ltr'><strong>ιο</strong></span> <span class='ocrx_word' id='word_1_160' title='bbox 1073 1979 1332 2065; x_wconf 81' lang='lat' dir='ltr'><strong>intellige</strong></span> <span class='ocrx_word' id='word_1_161' title='bbox 1350 2024 1368 2054; x_wconf 92' lang='lat'><strong>,</strong></span> <span class='ocrx_word' id='word_1_162' title='bbox 1405 1980 1601 2039; x_wconf 79' lang='lat' dir='ltr'><strong>brutas</strong></span> <span class='ocrx_word' id='word_1_163' title='bbox 1631 1980 1989 2045; x_wconf 81' lang='lat' dir='ltr'><strong>Animantes.</strong></span> <span class='ocrx_word' id='word_1_164' title='bbox 2020 1979 2318 2061; x_wconf 79' lang='lat' dir='ltr'><strong>Amplius,</strong></span> 
     </span>
     <span class='ocr_line' id='line_1_16' title="bbox 150 2085 2317 2160; baseline 0 -15"><span class='ocrx_word' id='word_1_165' title='bbox 150 2087 318 2145; x_wconf 87' lang='lat' dir='ltr'><strong>hunc</strong></span> <span class='ocrx_word' id='word_1_166' title='bbox 359 2088 632 2147; x_wconf 80' lang='lat' dir='ltr'><strong>Animum</strong></span> <span class='ocrx_word' id='word_1_167' title='bbox 669 2088 730 2145; x_wconf 88' lang='lat' dir='ltr'><strong>iu</strong></span> <span class='ocrx_word' id='word_1_168' title='bbox 759 2085 970 2147; x_wconf 84' lang='lat' dir='ltr'><strong>Mundi</strong></span> <span class='ocrx_word' id='word_1_169' title='bbox 1003 2087 1210 2147; x_wconf 81' lang='lat' dir='ltr'><strong>Anima</strong></span> <span class='ocrx_word' id='word_1_170' title='bbox 1232 2129 1250 2160; x_wconf 91' lang='lat'><strong>,</strong></span> <span class='ocrx_word' id='word_1_171' title='bbox 1289 2088 1479 2147; x_wconf 86' lang='lat' dir='ltr'><strong>Deum</strong></span> <span class='ocrx_word' id='word_1_172' title='bbox 1516 2108 1641 2147; x_wconf 87' lang='lat' dir='ltr'><strong>esse</strong></span> <span class='ocrx_word' id='word_1_173' title='bbox 1676 2100 1735 2146; x_wconf 86' lang='lat' dir='ltr'><strong>et</strong></span> <span class='ocrx_word' id='word_1_174' title='bbox 1766 2086 1881 2147; x_wconf 89' lang='lat' dir='ltr'><strong>dici</strong></span> <span class='ocrx_word' id='word_1_175' title='bbox 1914 2110 1931 2145; x_wconf 75' lang='grc' dir='ltr'><em>ε</em></span> <span class='ocrx_word' id='word_1_176' title='bbox 1968 2112 1997 2140; x_wconf 74' lang='grc' dir='ltr'><strong>«ι</strong></span> <span class='ocrx_word' id='word_1_177' title='bbox 2019 2087 2079 2145; x_wconf 88' lang='lat' dir='ltr'><strong>in</strong></span> <span class='ocrx_word' id='word_1_178' title='bbox 2114 2087 2279 2146; x_wconf 81' lang='lat' dir='ltr'><strong>nobis</strong></span> <span class='ocrx_word' id='word_1_179' title='bbox 2300 2128 2317 2159; x_wconf 93' lang='lat'><strong>,</strong></span> 
     </span>
     <span class='ocr_line' id='line_1_17' title="bbox 153 2190 2317 2274; baseline -0 -23"><span class='ocrx_word' id='word_1_180' title='bbox 153 2190 441 2253; x_wconf 87' lang='lat' dir='ltr'><strong>Genium.</strong></span> <span class='ocrx_word' id='word_1_181' title='bbox 468 2219 496 2247; x_wconf 74' lang='lat' dir='ltr'><strong>n</strong></span> <span class='ocrx_word' id='word_1_182' title='bbox 536 2192 628 2253; x_wconf 87' lang='lat' dir='ltr'><strong>De</strong></span> <span class='ocrx_word' id='word_1_183' title='bbox 657 2192 838 2255; x_wconf 84' lang='lat' dir='ltr'><strong>Genio</strong></span> <span class='ocrx_word' id='word_1_184' title='bbox 861 2196 970 2255; x_wconf 85' lang='lat' dir='ltr'><strong>isto</strong></span> <span class='ocrx_word' id='word_1_185' title='bbox 1003 2196 1064 2256; x_wconf 92' lang='lat' dir='ltr'><strong>in</strong></span> <span class='ocrx_word' id='word_1_186' title='bbox 1094 2194 1549 2254; x_wconf 83' lang='lat' dir='ltr'><strong>Manuductione</strong></span> <span class='ocrx_word' id='word_1_187' title='bbox 1574 2192 1711 2274; x_wconf 89' lang='lat' dir='ltr'><strong>(lib.</strong></span> <span class='ocrx_word' id='word_1_188' title='bbox 1744 2192 1805 2252; x_wconf 89' lang='grc' dir='ltr'>Π</span> <span class='ocrx_word' id='word_1_189' title='bbox 1822 2234 1839 2266; x_wconf 92' lang='grc'><em>,</em></span> <span class='ocrx_word' id='word_1_190' title='bbox 1874 2190 2115 2252; x_wconf 88' lang='lat' dir='ltr'><strong>Dissert.</strong></span> <span class='ocrx_word' id='word_1_191' title='bbox 2150 2190 2317 2274; x_wconf 81' lang='lat'><strong>111),</strong></span> 
     </span>
     <span class='ocr_line' id='line_1_18' title="bbox 148 2296 2319 2373; baseline -0 -14"><span class='ocrx_word' id='word_1_192' title='bbox 148 2301 208 2359; x_wconf 86' lang='lat' dir='ltr'><strong>si</strong></span> <span class='ocrx_word' id='word_1_193' title='bbox 235 2299 508 2357; x_wconf 84' lang='lat' dir='ltr'><strong>memoria</strong></span> <span class='ocrx_word' id='word_1_194' title='bbox 535 2313 728 2373; x_wconf 80' lang='lat' dir='ltr'><strong>tenes,</strong></span> <span class='ocrx_word' id='word_1_195' title='bbox 763 2300 1002 2361; x_wconf 83' lang='lat' dir='ltr'><strong>adfatim</strong></span> <span class='ocrx_word' id='word_1_196' title='bbox 1025 2323 1060 2360; x_wconf 79' lang='lat' dir='ltr'><strong>a</strong></span> <span class='ocrx_word' id='word_1_197' title='bbox 1091 2301 1256 2359; x_wconf 87' lang='lat' dir='ltr'><strong>nobis</strong></span> <span class='ocrx_word' id='word_1_198' title='bbox 1287 2299 1503 2360; x_wconf 85' lang='lat' dir='ltr'><strong>dictum</strong></span> <span class='ocrx_word' id='word_1_199' title='bbox 1525 2341 1541 2371; x_wconf 90' lang='lat'>‚</span> <span class='ocrx_word' id='word_1_200' title='bbox 1580 2311 1639 2358; x_wconf 91' lang='lat' dir='ltr'><strong>et</strong></span> <span class='ocrx_word' id='word_1_201' title='bbox 1661 2298 1937 2358; x_wconf 82' lang='lat' dir='ltr'><strong>Varronis</strong></span> <span class='ocrx_word' id='word_1_202' title='bbox 1956 2296 2109 2356; x_wconf 86' lang='lat' dir='ltr'><strong>hunc</strong></span> <span class='ocrx_word' id='word_1_203' title='bbox 2130 2298 2319 2358; x_wconf 85' lang='lat' dir='ltr'><strong>locum</strong></span> 
     </span>
     <span class='ocr_line' id='line_1_19' title="bbox 147 2403 1805 2484; baseline 0.001 -22"><span class='ocrx_word' id='word_1_204' title='bbox 147 2408 360 2484; x_wconf 86' lang='lat' dir='ltr'><strong>junge.</strong></span> <span class='ocrx_word' id='word_1_205' title='bbox 395 2403 636 2483; x_wconf 80' lang='lat' dir='ltr'><strong>Reliqua</strong></span> <span class='ocrx_word' id='word_1_206' title='bbox 681 2406 742 2462; x_wconf 88' lang='lat' dir='ltr'><strong>in</strong></span> <span class='ocrx_word' id='word_1_207' title='bbox 773 2404 1148 2464; x_wconf 82' lang='lat' dir='ltr'><strong>Varronianis</strong></span> <span class='ocrx_word' id='word_1_208' title='bbox 1185 2404 1379 2464; x_wconf 88' lang='lat' dir='ltr'><strong>lucem</strong></span> <span class='ocrx_word' id='word_1_209' title='bbox 1409 2426 1444 2463; x_wconf 79' lang='lat' dir='ltr'><strong>a</strong></span> <span class='ocrx_word' id='word_1_210' title='bbox 1476 2425 1539 2462; x_wconf 83' lang='lat' dir='ltr'><strong>se</strong></span> <span class='ocrx_word' id='word_1_211' title='bbox 1572 2403 1805 2463; x_wconf 81' lang='lat' dir='ltr'><strong>habent.</strong></span> 
     </span>
    </p>
   </div>
   <div class='ocr_carea' id='block_1_5' title="bbox 779 2633 1698 2720">
    <p class='ocr_par' dir='ltr' id='par_1_5' title="bbox 779 2633 1698 2720">
     <span class='ocr_line' id='line_1_20' title="bbox 779 2633 1698 2720; baseline -0.002 -3"><span class='ocrx_word' id='word_1_212' title='bbox 779 2633 1411 2720; x_wconf 67' lang='lat' dir='ltr'><strong>mssERTATIo</strong></span> <span class='ocrx_word' id='word_1_213' title='bbox 1452 2657 1698 2718; x_wconf 86' lang='lat' dir='ltr'>xv11.</span> 
     </span>
    </p>
   </div>
   <div class='ocr_carea' id='block_1_6' title="bbox 162 2863 2319 2946">
    <p class='ocr_par' dir='ltr' id='par_1_6' title="bbox 162 2863 2319 2946">
     <span class='ocr_line' id='line_1_21' title="bbox 162 2863 2319 2946; baseline -0.001 -20"><span class='ocrx_word' id='word_1_214' title='bbox 162 2865 310 2926; x_wconf 79' lang='lat' dir='ltr'><strong>Alia</strong></span> <span class='ocrx_word' id='word_1_215' title='bbox 339 2867 650 2926; x_wconf 78' lang='lat' dir='ltr'><strong>Stoicorum</strong></span> <span class='ocrx_word' id='word_1_216' title='bbox 679 2865 877 2926; x_wconf 62' lang='grc' dir='ltr'><em>ᾱίοἰὲιό</em></span> <span class='ocrx_word' id='word_1_217' title='bbox 905 2865 1143 2935; x_wconf 78' lang='lat' dir='ltr'><strong>uberior,</strong></span> <span class='ocrx_word' id='word_1_218' title='bbox 1191 2865 1430 2946; x_wconf 79' lang='lat' dir='ltr'><strong>itemque</strong></span> <span class='ocrx_word' id='word_1_219' title='bbox 1458 2863 1685 2924; x_wconf 70' lang='lat' dir='ltr'><strong>Seneca</strong></span> <span class='ocrx_word' id='word_1_220' title='bbox 1701 2910 1713 2933; x_wconf 92' lang='lat'><strong>,</strong></span> <span class='ocrx_word' id='word_1_221' title='bbox 1749 2871 1979 2944; x_wconf 81' lang='lat' dir='ltr'><strong>utraque</strong></span> <span class='ocrx_word' id='word_1_222' title='bbox 2006 2864 2319 2943; x_wconf 75' lang='lat' dir='ltr'><strong>explicata.</strong></span> 
     </span>
    </p>
   </div>
   <div class='ocr_carea' id='block_1_7' title="bbox 167 3093 2323 4140">
    <p class='ocr_par' dir='ltr' id='par_1_7' title="bbox 167 3093 2323 4140">
     <span class='ocr_line' id='line_1_22' title="bbox 260 3093 2323 3177; baseline -0.001 -21"><span class='ocrx_word' id='word_1_223' title='bbox 260 3099 344 3156; x_wconf 82' lang='lat' dir='ltr'><strong>Ar</strong></span> <span class='ocrx_word' id='word_1_224' title='bbox 374 3120 508 3158; x_wconf 83' lang='lat' dir='ltr'><strong>vero</strong></span> <span class='ocrx_word' id='word_1_225' title='bbox 539 3098 710 3159; x_wconf 88' lang='lat' dir='ltr'><strong>Stoici</strong></span> <span class='ocrx_word' id='word_1_226' title='bbox 742 3097 906 3158; x_wconf 84' lang='lat' dir='ltr'><strong>aliter</strong></span> <span class='ocrx_word' id='word_1_227' title='bbox 940 3109 996 3156; x_wconf 88' lang='lat' dir='ltr'><strong>et</strong></span> <span class='ocrx_word' id='word_1_228' title='bbox 1027 3097 1252 3177; x_wconf 82' lang='lat' dir='ltr'><strong>plenius</strong></span> <span class='ocrx_word' id='word_1_229' title='bbox 1283 3096 1462 3155; x_wconf 85' lang='lat' dir='ltr'><strong>multo</strong></span> <span class='ocrx_word' id='word_1_230' title='bbox 1487 3093 1751 3154; x_wconf 83' lang='lat' dir='ltr'><strong>dividunt</strong></span> <span class='ocrx_word' id='word_1_231' title='bbox 1776 3117 1791 3151; x_wconf 70' lang='grc' dir='ltr'><em>ε</em></span> <span class='ocrx_word' id='word_1_232' title='bbox 1816 3114 2058 3175; x_wconf 87' lang='lat' dir='ltr'><strong>quorum</strong></span> <span class='ocrx_word' id='word_1_233' title='bbox 2082 3106 2323 3153; x_wconf 85' lang='lat' dir='ltr'><strong>senten-</strong></span> 
     </span>
     <span class='ocr_line' id='line_1_23' title="bbox 167 3200 2320 3290; baseline -0.004 -22"><span class='ocrx_word' id='word_1_234' title='bbox 167 3211 280 3269; x_wconf 82' lang='lat' dir='ltr'><strong>tias</strong></span> <span class='ocrx_word' id='word_1_235' title='bbox 298 3206 470 3290; x_wconf 82' lang='lat' dir='ltr'><strong>(nam</strong></span> <span class='ocrx_word' id='word_1_236' title='bbox 492 3219 550 3266; x_wconf 90' lang='lat' dir='ltr'><strong>et</strong></span> <span class='ocrx_word' id='word_1_237' title='bbox 577 3205 725 3264; x_wconf 89' lang='lat' dir='ltr'><strong>inter</strong></span> <span class='ocrx_word' id='word_1_238' title='bbox 753 3225 814 3264; x_wconf 87' lang='lat' dir='ltr'><strong>se</strong></span> <span class='ocrx_word' id='word_1_239' title='bbox 852 3205 1053 3263; x_wconf 87' lang='lat' dir='ltr'><strong>leviter</strong></span> <span class='ocrx_word' id='word_1_240' title='bbox 1082 3200 1390 3285; x_wconf 84' lang='lat' dir='ltr'><strong>differunt)</strong></span> <span class='ocrx_word' id='word_1_241' title='bbox 1421 3202 1555 3283; x_wconf 87' lang='lat' dir='ltr'><strong>quia</strong></span> <span class='ocrx_word' id='word_1_242' title='bbox 1583 3201 1965 3260; x_wconf 81' lang='lat' dir='ltr'><strong>Tertullianus</strong></span> <span class='ocrx_word' id='word_1_243' title='bbox 1996 3202 2320 3261; x_wconf 80' lang='lat' dir='ltr'><strong>summatim</strong></span> 
     </span>
     <span class='ocr_line' id='line_1_24' title="bbox 171 3307 2321 3391; baseline -0.003 -17"><span class='ocrx_word' id='word_1_244' title='bbox 171 3313 367 3374; x_wconf 85' lang='lat' dir='ltr'><strong>retulit</strong></span> <span class='ocrx_word' id='word_1_245' title='bbox 387 3357 404 3385; x_wconf 92' lang='lat'>‚</span> <span class='ocrx_word' id='word_1_246' title='bbox 440 3314 561 3391; x_wconf 83' lang='lat' dir='ltr'><strong>ejus</strong></span> <span class='ocrx_word' id='word_1_247' title='bbox 607 3311 782 3372; x_wconf 83' lang='lat' dir='ltr'><strong>verba</strong></span> <span class='ocrx_word' id='word_1_248' title='bbox 810 3308 1008 3372; x_wconf 79' lang='lat' dir='ltr'><strong>audies</strong></span> <span class='ocrx_word' id='word_1_249' title='bbox 1033 3350 1050 3382; x_wconf 88' lang='lat'><strong>,</strong></span> <span class='ocrx_word' id='word_1_250' title='bbox 1083 3321 1205 3368; x_wconf 89' lang='lat' dir='ltr'><strong>tum</strong></span> <span class='ocrx_word' id='word_1_251' title='bbox 1233 3321 1485 3368; x_wconf 85' lang='lat' dir='ltr'><strong>nostram</strong></span> <span class='ocrx_word' id='word_1_252' title='bbox 1515 3307 2063 3388; x_wconf 80' lang='lat' dir='ltr'><strong>interpretationem.</strong></span> <span class='ocrx_word' id='word_1_253' title='bbox 2092 3307 2191 3367; x_wconf 84' lang='lat' dir='ltr'><strong>Ait</strong></span> <span class='ocrx_word' id='word_1_254' title='bbox 2214 3307 2321 3389; x_wconf 86' lang='lat' dir='ltr'><strong>(de</strong></span> 
     </span>
     <span class='ocr_line' id='line_1_25' title="bbox 173 3411 2319 3498; baseline -0.004 -20"><span class='ocrx_word' id='word_1_255' title='bbox 173 3420 382 3478; x_wconf 85' lang='lat' dir='ltr'><strong>Anima</strong></span> <span class='ocrx_word' id='word_1_256' title='bbox 402 3460 418 3491; x_wconf 99' lang='lat'><strong>,</strong></span> <span class='ocrx_word' id='word_1_257' title='bbox 451 3439 578 3498; x_wconf 86' lang='lat' dir='ltr'><strong>cap.</strong></span> <span class='ocrx_word' id='word_1_258' title='bbox 623 3413 737 3498; x_wconf 67' lang='lat'><strong>14)</strong></span> <span class='ocrx_word' id='word_1_259' title='bbox 771 3439 786 3474; x_wconf 71' lang='grc' dir='ltr'><em>τ</em></span> <span class='ocrx_word' id='word_1_260' title='bbox 826 3442 854 3469; x_wconf 76' lang='grc' dir='ltr'><strong>ιι</strong></span> <span class='ocrx_word' id='word_1_261' title='bbox 884 3413 1180 3474; x_wconf 80' lang='lat' dir='ltr'><strong>Dividitur</strong></span> <span class='ocrx_word' id='word_1_262' title='bbox 1207 3412 1416 3498; x_wconf 72' lang='lat' dir='ltr'><strong>Anima</strong></span> <span class='ocrx_word' id='word_1_263' title='bbox 1459 3413 1519 3471; x_wconf 89' lang='lat' dir='ltr'><strong>in</strong></span> <span class='ocrx_word' id='word_1_264' title='bbox 1563 3426 1755 3493; x_wconf 82' lang='lat' dir='ltr'><strong>partes</strong></span> <span class='ocrx_word' id='word_1_265' title='bbox 1777 3456 1793 3487; x_wconf 97' lang='lat'><strong>,</strong></span> <span class='ocrx_word' id='word_1_266' title='bbox 1836 3435 1989 3472; x_wconf 89' lang='lat' dir='ltr'><strong>nunc</strong></span> <span class='ocrx_word' id='word_1_267' title='bbox 2024 3414 2085 3472; x_wconf 87' lang='lat' dir='ltr'><strong>in</strong></span> <span class='ocrx_word' id='word_1_268' title='bbox 2118 3411 2259 3472; x_wconf 86' lang='lat' dir='ltr'><strong>duas</strong></span> <span class='ocrx_word' id='word_1_269' title='bbox 2286 3435 2319 3470; x_wconf 86' lang='lat' dir='ltr'><strong>a</strong></span> 
     </span>
     <span class='ocr_line' id='line_1_26' title="bbox 176 3520 2319 3601; baseline -0.003 -15"><span class='ocrx_word' id='word_1_270' title='bbox 176 3528 410 3586; x_wconf 87' lang='lat' dir='ltr'><strong>Platone</strong></span> <span class='ocrx_word' id='word_1_271' title='bbox 427 3567 444 3597; x_wconf 92' lang='lat'>‚</span> <span class='ocrx_word' id='word_1_272' title='bbox 478 3545 630 3582; x_wconf 85' lang='lat' dir='ltr'><strong>nunc</strong></span> <span class='ocrx_word' id='word_1_273' title='bbox 660 3524 720 3580; x_wconf 88' lang='lat' dir='ltr'><strong>in</strong></span> <span class='ocrx_word' id='word_1_274' title='bbox 757 3536 872 3582; x_wconf 87' lang='lat' dir='ltr'><strong>tres</strong></span> <span class='ocrx_word' id='word_1_275' title='bbox 904 3544 940 3580; x_wconf 72' lang='lat' dir='ltr'><strong>a.</strong></span> <span class='ocrx_word' id='word_1_276' title='bbox 961 3521 1193 3581; x_wconf 86' lang='lat' dir='ltr'><strong>Zenone</strong></span> <span class='ocrx_word' id='word_1_277' title='bbox 1211 3564 1228 3594; x_wconf 91' lang='lat'><strong>,</strong></span> <span class='ocrx_word' id='word_1_278' title='bbox 1262 3542 1417 3579; x_wconf 88' lang='lat' dir='ltr'><strong>nunc</strong></span> <span class='ocrx_word' id='word_1_279' title='bbox 1449 3521 1510 3579; x_wconf 87' lang='lat' dir='ltr'><strong>in</strong></span> <span class='ocrx_word' id='word_1_280' title='bbox 1544 3520 1798 3601; x_wconf 87' lang='lat' dir='ltr'><strong>quinque</strong></span> <span class='ocrx_word' id='word_1_281' title='bbox 1829 3531 1889 3579; x_wconf 87' lang='lat' dir='ltr'><strong>et</strong></span> <span class='ocrx_word' id='word_1_282' title='bbox 1918 3521 1979 3578; x_wconf 90' lang='lat' dir='ltr'><strong>in</strong></span> <span class='ocrx_word' id='word_1_283' title='bbox 2007 3542 2108 3580; x_wconf 86' lang='lat' dir='ltr'><strong>sex</strong></span> <span class='ocrx_word' id='word_1_284' title='bbox 2138 3543 2171 3579; x_wconf 86' lang='lat' dir='ltr'><strong>a</strong></span> <span class='ocrx_word' id='word_1_285' title='bbox 2201 3520 2319 3580; x_wconf 81' lang='lat' dir='ltr'><strong>Pa·-</strong></span> 
     </span>
     <span class='ocr_line' id='line_1_27' title="bbox 173 3627 2314 3710; baseline -0.003 -17"><span class='ocrx_word' id='word_1_286' title='bbox 173 3633 373 3706; x_wconf 77' lang='lat' dir='ltr'><strong>naetio,</strong></span> <span class='ocrx_word' id='word_1_287' title='bbox 409 3644 466 3690; x_wconf 89' lang='lat' dir='ltr'><strong>et</strong></span> <span class='ocrx_word' id='word_1_288' title='bbox 509 3631 569 3688; x_wconf 85' lang='lat' dir='ltr'><strong>in</strong></span> <span class='ocrx_word' id='word_1_289' title='bbox 613 3641 830 3710; x_wconf 89' lang='lat' dir='ltr'><strong>septem</strong></span> <span class='ocrx_word' id='word_1_290' title='bbox 861 3651 894 3688; x_wconf 81' lang='lat' dir='ltr'><strong>a</strong></span> <span class='ocrx_word' id='word_1_291' title='bbox 925 3628 1172 3702; x_wconf 85' lang='lat' dir='ltr'><strong>Sorano,</strong></span> <span class='ocrx_word' id='word_1_292' title='bbox 1211 3650 1365 3687; x_wconf 89' lang='lat' dir='ltr'><strong>nunc</strong></span> <span class='ocrx_word' id='word_1_293' title='bbox 1408 3628 1469 3686; x_wconf 92' lang='lat' dir='ltr'><strong>in</strong></span> <span class='ocrx_word' id='word_1_294' title='bbox 1511 3638 1636 3686; x_wconf 85' lang='lat' dir='ltr'><strong>octo</strong></span> <span class='ocrx_word' id='word_1_295' title='bbox 1678 3649 1854 3708; x_wconf 89' lang='lat' dir='ltr'><strong>penes</strong></span> <span class='ocrx_word' id='word_1_296' title='bbox 1889 3627 2314 3710; x_wconf 73' lang='lat' dir='ltr'><strong>Chrysippuln3</strong></span> 
     </span>
     <span class='ocr_line' id='line_1_28' title="bbox 173 3733 2321 3816; baseline -0.004 -16"><span class='ocrx_word' id='word_1_297' title='bbox 173 3741 347 3800; x_wconf 83' lang='lat' dir='ltr'><strong>etiam</strong></span> <span class='ocrx_word' id='word_1_298' title='bbox 379 3740 440 3796; x_wconf 90' lang='lat' dir='ltr'><strong>in</strong></span> <span class='ocrx_word' id='word_1_299' title='bbox 470 3757 674 3795; x_wconf 80' lang='lat' dir='ltr'><strong>novem</strong></span> <span class='ocrx_word' id='word_1_300' title='bbox 707 3755 883 3816; x_wconf 85' lang='lat' dir='ltr'><strong>penes</strong></span> <span class='ocrx_word' id='word_1_301' title='bbox 913 3733 1365 3816; x_wconf 81' lang='lat' dir='ltr'><strong>Apollophanem</strong></span> <span class='ocrx_word' id='word_1_302' title='bbox 1382 3778 1399 3808; x_wconf 93' lang='lat'><strong>,</strong></span> <span class='ocrx_word' id='word_1_303' title='bbox 1432 3733 1533 3793; x_wconf 88' lang='lat' dir='ltr'><strong>sed</strong></span> <span class='ocrx_word' id='word_1_304' title='bbox 1560 3747 1619 3793; x_wconf 88' lang='lat' dir='ltr'><strong>et</strong></span> <span class='ocrx_word' id='word_1_305' title='bbox 1644 3735 1705 3792; x_wconf 88' lang='lat' dir='ltr'><strong>in</strong></span> <span class='ocrx_word' id='word_1_306' title='bbox 1734 3733 1932 3795; x_wconf 87' lang='lat' dir='ltr'><strong>decem</strong></span> <span class='ocrx_word' id='word_1_307' title='bbox 1961 3734 2115 3815; x_wconf 81' lang='lat' dir='ltr'><strong>apud</strong></span> <span class='ocrx_word' id='word_1_308' title='bbox 2143 3756 2321 3813; x_wconf 89' lang='lat' dir='ltr'><strong>quos-</strong></span> 
     </span>
     <span class='ocr_line' id='line_1_29' title="bbox 175 3839 2315 3924; baseline -0.003 -17"><span class='ocrx_word' id='word_1_309' title='bbox 175 3849 309 3908; x_wconf 82' lang='lat' dir='ltr'><strong>dam</strong></span> <span class='ocrx_word' id='word_1_310' title='bbox 335 3845 650 3905; x_wconf 76' lang='lat' dir='ltr'><strong>Stoicorum</strong></span> <span class='ocrx_word' id='word_1_311' title='bbox 669 3885 686 3916; x_wconf 88' lang='lat'><strong>,</strong></span> <span class='ocrx_word' id='word_1_312' title='bbox 710 3855 768 3901; x_wconf 89' lang='lat' dir='ltr'><strong>et</strong></span> <span class='ocrx_word' id='word_1_313' title='bbox 794 3842 854 3899; x_wconf 88' lang='lat' dir='ltr'><strong>in</strong></span> <span class='ocrx_word' id='word_1_314' title='bbox 881 3840 1022 3900; x_wconf 88' lang='lat' dir='ltr'><strong>duas</strong></span> <span class='ocrx_word' id='word_1_315' title='bbox 1043 3841 1292 3921; x_wconf 79' lang='lat' dir='ltr'><strong>amplius</strong></span> <span class='ocrx_word' id='word_1_316' title='bbox 1316 3841 1475 3922; x_wconf 84' lang='lat' dir='ltr'><strong>apud</strong></span> <span class='ocrx_word' id='word_1_317' title='bbox 1498 3839 1863 3924; x_wconf 80' lang='lat' dir='ltr'><strong>Posidonium</strong></span> <span class='ocrx_word' id='word_1_318' title='bbox 1877 3885 1893 3916; x_wconf 95' lang='lat'><strong>,</strong></span> <span class='ocrx_word' id='word_1_319' title='bbox 1919 3842 2018 3922; x_wconf 87' lang='lat' dir='ltr'><strong>qui</strong></span> <span class='ocrx_word' id='word_1_320' title='bbox 2036 3863 2069 3899; x_wconf 84' lang='lat' dir='ltr'><strong>a</strong></span> <span class='ocrx_word' id='word_1_321' title='bbox 2093 3840 2315 3901; x_wconf 84' lang='lat' dir='ltr'><strong>duobus</strong></span> 
     </span>
     <span class='ocr_line' id='line_1_30' title="bbox 176 3945 2316 4030; baseline -0.002 -17"><span class='ocrx_word' id='word_1_322' title='bbox 176 3972 412 4014; x_wconf 83' lang='lat' dir='ltr'><strong>exorsus</strong></span> <span class='ocrx_word' id='word_1_323' title='bbox 443 3951 620 4009; x_wconf 83' lang='lat' dir='ltr'><strong>titulis</strong></span> <span class='ocrx_word' id='word_1_324' title='bbox 639 3993 656 4024; x_wconf 93' lang='lat'><strong>,</strong></span> <span class='ocrx_word' id='word_1_325' title='bbox 701 3946 1007 4030; x_wconf 80' lang='lat' dir='ltr'><strong>Principali</strong></span> <span class='ocrx_word' id='word_1_326' title='bbox 1038 3945 1193 4027; x_wconf 84' lang='lat' dir='ltr'><strong>quod</strong></span> <span class='ocrx_word' id='word_1_327' title='bbox 1223 3949 1383 4006; x_wconf 80' lang='lat' dir='ltr'><strong>aiunt</strong></span> <span class='ocrx_word' id='word_1_328' title='bbox 1414 3951 1742 4030; x_wconf 68' lang='grc' dir='ltr'><strong><em>ἡγεμονικὸν,</em></strong></span> <span class='ocrx_word' id='word_1_329' title='bbox 1783 3960 1841 4007; x_wconf 88' lang='lat' dir='ltr'><strong>et</strong></span> <span class='ocrx_word' id='word_1_330' title='bbox 1871 3945 2129 4005; x_wconf 81' lang='lat' dir='ltr'><strong>rationali</strong></span> <span class='ocrx_word' id='word_1_331' title='bbox 2160 3947 2316 4027; x_wconf 90' lang='lat' dir='ltr'><strong>quod</strong></span> 
     </span>
     <span class='ocr_line' id='line_1_31' title="bbox 175 4053 2313 4140; baseline -0.003 -20"><span class='ocrx_word' id='word_1_332' title='bbox 175 4061 339 4120; x_wconf 78' lang='lat' dir='ltr'><strong>aiunt</strong></span> <span class='ocrx_word' id='word_1_333' title='bbox 367 4061 566 4140; x_wconf 69' lang='grc' dir='ltr'><strong>λογικόν</strong></span> <span class='ocrx_word' id='word_1_334' title='bbox 589 4100 606 4132; x_wconf 84' lang='grc'><em>,</em></span> <span class='ocrx_word' id='word_1_335' title='bbox 643 4058 703 4116; x_wconf 85' lang='lat' dir='ltr'><strong>in</strong></span> <span class='ocrx_word' id='word_1_336' title='bbox 735 4055 1035 4115; x_wconf 88' lang='lat' dir='ltr'><strong>duodecim</strong></span> <span class='ocrx_word' id='word_1_337' title='bbox 1080 4053 1288 4113; x_wconf 87' lang='lat' dir='ltr'><strong>exinde</strong></span> <span class='ocrx_word' id='word_1_338' title='bbox 1331 4057 1635 4136; x_wconf 86' lang='lat' dir='ltr'><strong>prosecuit.</strong></span> <span class='ocrx_word' id='word_1_339' title='bbox 1684 4054 1771 4112; x_wconf 80' lang='lat' dir='ltr'><strong>Ita</strong></span> <span class='ocrx_word' id='word_1_340' title='bbox 1815 4055 1874 4112; x_wconf 91' lang='lat' dir='ltr'><strong>in</strong></span> <span class='ocrx_word' id='word_1_341' title='bbox 1922 4053 2059 4114; x_wconf 83' lang='lat' dir='ltr'><strong>alias</strong></span> <span class='ocrx_word' id='word_1_342' title='bbox 2088 4075 2158 4112; x_wconf 83' lang='lat' dir='ltr'><strong>ex</strong></span> <span class='ocrx_word' id='word_1_343' title='bbox 2188 4053 2313 4114; x_wconf 80' lang='lat' dir='ltr'><strong>aliis</strong></span> 
     </span>
    </p>
   </div>
  </div>
 </body>
</html>
