2667 4475
487 302 982 371 PHYSIOL.
1035 302 1537 373 STOICOR.
1590 303 1782 371 LIB.
1834 304 1893 371 Ι.
2125 304 2277 373 535·

105 446 307 510 varro
331 445 484 507 locat
515 468 534 505 ε
573 446 828 525 itemque
859 444 1090 525 Capella
1109 488 1126 518 ‚
1165 471 1196 529 s
1223 444 1328 507 sed
1355 448 1707 527 superiorem
1736 456 1957 529 partem
1982 466 2107 506 esse
2138 447 2289 507 110...

107 574 284 618 reum
301 596 319 626 ,
351 551 680 615 insa-iorem
701 552 983 615 Manium.
1010 578 1038 605 a

646 756 652 761 ’
755 730 1389 802 ΒῙὸὃΕΙὶΤΑΤῙΟ
1442 730 1634 799 xlx.

111 868 208 929 De
243 868 441 929 Geniis
468 864 692 947 pmpn‘c
733 866 930 936 dictis,
977 865 1152 927 Bonis
1189 865 1493 948 Molis-que.
1532 867 1782 947 Singulis
1820 889 1913 929 eos
1954 887 2103 935 esse,
2139 866 2291 927 itm

444 974 601 1043 Iocis,
635 972 1575 1050 etregzbnibuseeteomncum,
1612 984 1929 1053 anaopem.

202 1159 286 1217 Ar
315 1160 432 1239 jam
467 1158 675 1219 Genios
701 1160 856 1241 ipsos
874 1205 891 1235 ‚
921 1182 1066 1241 quos
1097 1160 1463 1221 distinximus
1490 1183 1527 1220 a
1554 1160 1771 1241 duplici
1798 1162 1991 1243 priore
2020 1183 2270 1245 genere,

112 1263 437 1325 videamus.
473 1264 644 1325 Unde
673 1266 886 1341 ordiar,
922 1267 1020 1327 ubi
1053 1266 1356 1327 desinam?
1384 1288 1516 1327 nam
1545 1271 1681 1331 vere
1712 1266 1850 1327 licet
1874 1266 2097 1342 dicere,
2124 1267 2273 1329 adeo

113 1372 236 1431 haec
267 1368 480 1431 Graecis
513 1369 844 1454 Latinisque
881 1398 909 1425 α
929 1372 1284 1455 frequentata
1316 1386 1385 1433 et·
1403 1371 1685 1434 celebrata
1716 1394 1875 1443 esse;
1910 1384 1974 1432 ut
2002 1394 2173 1433 nemo
2206 1395 2293 1437 ea.

115 1499 564 1539 commemorare
595 1478 826 1539 adortus
853 1480 926 1538 sit
939 1522 956 1553 ‚
990 1480 1130 1561 quin
1156 1480 1335 1539 multo
1360 1480 1526 1561 plura
1554 1480 1810 1539 omiserit
1825 1523 1842 1554 ,
1856 1500 2039 1560 ‚quam
2058 1501 2297 1541 recen--

115 1586 358 1645 suerit.»
391 1584 644 1667 (Apul.)
687 1586 898 1669 Ingens
933 1587 1097 1667 copia
1126 1608 1318 1653 rerum
1337 1631 1356 1659 ,
1392 1599 1450 1646 et
1479 1607 1747 1647 sensuum
1778 1610 1795 1645 ε
1823 1608 1930 1647 nec
1958 1588 2291 1661 miremur,.

115 1693 257 1773 quia
290 1706 442 1752 certe
473 1694 676 1775 ingens
720 1693 828 1753 hoc
871 1692 1096 1753 Natmae
1139 1706 1200 1753 et
1236 1714 1509 1753 arcanum
1540 1692 1919 1753 ministerium
1936 1736 1953 1767 ,
1987 1692 2145 1773 quod
2168 1714 2301 1773 per,-

117 1799 312 1857 omnia
331 1799 454 1879 ejus
471 1800 730 1859 membra
753 1820 816 1859 se
840 1800 1056 1881 spargit
1072 1842 1088 1872 ,
1121 1799 1375 1867 insinuat
1389 1842 1407 1873 ,
1430 1810 1692 1879 penetrat
1712 1820 1727 1869 ;
1752 1796 2012 1857 secundm
2032 1820 2067 1861 a
2082 1799 2295 1879 primo.

117 1898 246 1956 Deo
277 1920 458 1958 causae
474 1942 491 1972 ‚
517 1910 574 1958 et
595 1920 718 1979 quae
740 1899 1000 1959 miranda
1023 1898 1187 1957 nobis
1207 1911 1349 1972 „aut
1370 1898 1655 1980 stupenda
1678 1910 1955 1957 conantur
1977 1897 2232 1979 quotidie
2249 1940 2267 1969 ‚

116 2016 217 2064 aut
246 2016 493 2085 patrant.
529 2004 744 2089 Magne
775 2017 834 2065 et
863 2005 1081 2064 occulte
1111 2002 1269 2063 Deus
1291 2004 1485 2078 „tales
1516 2005 1685 2063 etiam
1717 2003 2029 2067 misamuli
2073 2027 2089 2061 ε
2131 2024 2299 2087 quos.

115 2110 242 2168 sinc
271 2112 636 2169 veneratione
669 2123 726 2169 et
755 2122 914 2169 metu
940 2112 1036 2168 vix
1069 2122 1154 2169 est
1178 2122 1443 2192 tangere,
1473 2108 1759 2169 adstantes
1775 2108 2079 2182 hic-nobis,
2102 2128 2269 2188 spec-

114 2230 300 2278 tantes
319 2263 336 2294 ,
362 2230 420 2280 et
440 2219 795 2278 arbitrantes.
823 2216 971 2278 Date
998 2208 1227 2278 veniam
1265 2240 1282 2274 ε
1318 2216 1487 2282 liceat
1511 2239 1642 2274 cum
1672 2237 1816 2296 pace
1846 2226 2031 2274 vestra
2051 2214 2285 2288 libare,

114 2337 215 2385 aut
243 2326 448 2385 iterare
479 2325 630 2386 dicta
661 2326 787 2383 aliis
822 2348 838 2382 ε
881 2323 983 2383 sed
1017 2323 1359 2404 compendio
1398 2336 1456 2382 et
1490 2322 1702 2381 dilectu
1720 2365 1737 2396 ,
1771 2333 1837 2380 ut
1865 2323 1949 2380 rei
1978 2333 2180 2380 nostrae
2213 2333 2291 2384 et»

111 2445 278 2490 sectae
319 2433 714 2493 convenientia
743 2429 1109 2491 videbuntur.
1160 2427 1301 2488 Esse
1344 2430 1517 2512 igitur
1558 2429 1699 2488 tales
1715 2470 1732 2500 ,
1764 2426 1936 2487 Stoici
1964 2441 2225 2488 asserunt
2245 2473 2261 2498 ,

112 2561 328 2620 eosq-ue
345 2538 544 2600 Graece
569 2549 824 2622 Δαίμονας
844 2538 958 2598 dici
977 2563 1002 2610 ;.
1020 2551 1079 2598 et
1097 2529 1381 2598 definiunt
1397 2581 1415 2612 ,
1442 2543 1620 2608 οὐσίας
1639 2533 1868 2620 ψυχικάὲ
1882 2579 1902 2610 ,
1924 2536 2269 2598 substantias

112 2648 406 2708 anhnatas
423 2671 444 2708 .·
469 2648 532 2708 id
561 2661 678 2722 est,
713 2648 936 2712 Animae.
963 2646 1024 2706 in
1055 2647 1292 2714 matefie
1329 2644 1545 2708 similes
1562 2689 1581 2720 ,
1612 2665 1723 2704 usu
1752 2657 1809 2704 et
1833 2644 1945 2705 fine
1968 2642 2288 2709 distantes„

111 2753 313 2836 (Plut.
363 2753 392 2811 1
433 2753 524 2813 De
567 2754 720 2820 Blae.
766 2776 894 2838 cap.
943 2749 1056 2834 8.)
1097 2750 1443 2832 Pythagoras
1474 2764 1607 2814 ante
1640 2773 1735 2810 eos
1780 2775 1796 2810 ε
1841 2778 1868 2805 οι
1901 2750 2045 2813 Esse
2082 2763 2289 2811 totum-

111 2883 248 2924 aera
278 2861 512 2941 plenum
549 2862 752 2920 animis
781 2882 796 2918 ε
833 2879 1043 2940 easque
1060 2871 1132 2920 -ot
1157 2857 1489 2930 Daenmnns,
1524 2869 1582 2916 et
1607 2857 1831 2920 Heroas
1860 2859 2201 2922 existimare.
2232 2883 2259 2908 n

109 2965 360 3049 (Laert.)
379 2966 524 3026 Nam
547 2965 723 3026 Lares
738 2964 919 3026 Graeci
942 2987 1058 3024 non
1077 2964 1434 3048 distinguunt
1450 3006 1467 3036 ,
1488 2963 1603 3022 imo
1621 3006 1637 3036 ‚
1660 2984 1791 3024 cum
1812 2962 2097 3026 Hemihus
2120 2985 2265 3022 con-
2287 3010 2294 3015 .

112 3073 367 3134 fundunt
391 3096 409 3132 ε
443 3085 614 3154 atq-ue
643 3073 722 3132 ita
753 3070 966 3140 Glossae
983 3115 1000 3146 ,
1033 3078 1202 3154 ἥρωας
1221 3113 1238 3144 ,
1271 3067 1451 3131 lar-es
1468 3116 1502 3140 .,
1519 3091 1639 3133 non
1670 3069 1847 3136 semel
1876 3070 2289 3150 interpretari--

113 3197 228 3242 tur.
274 3177 388 3240 Sed
426 3177 730 3242 Damam
768 3178 943 3262 igitur
985 3177 1096 3238 illis
1132 3176 1242 3236 hoc
1279 3197 1469 3258 genus
1491 3176 1648 3237 dicti.
1682 3173 1913 3250 Quare?
1948 3201 1975 3228 u
2002 3187 2101 3236 aut
2130 3176 2291 3256 quia,

113 3298 250 3344 sunt
277 3287 524 3366 δαήμονες
549 3310 578 3336 »ι
610 3282 916 3366 (Macrobii
945 3279 1122 3342 verba
1153 3280 1188 3341 1*
1215 3279 1445 3342 Saturn.
1480 3302 1609 3361 cap.
1644 3277 1750 3360 23)
1779 3279 1843 3342 id
1874 3294 1957 3340 est
1972 3325 1991 3356 ,
2025 3283 2268 3342 scientes

112 3391 295 3452 futuri
319 3414 337 3462 ;
369 3403 502 3465 aut,
541 3417 569 3444 α
589 3401 654 3450 ut
683 3388 1020 3450 Posidonius
1049 3388 1246 3448 scribit
1271 3388 1334 3446 in
1363 3387 1525 3447 libris
1552 3387 1759 3468 qm'bus
1800 3387 1998 3448 titulus
2036 3399 2123 3448 est
2150 3394 2294 3470 περὶ,

113 3505 292 3582 ἡρώων
315 3503 408 3561 καὶ
433 3501 727 3578 δαιμόνιοι,
762 3499 899 3580 quia
929 3519 1002 3558 ex
1033 3497 1276 3558 aethcrea
1299 3495 1611 3556 substantia
1637 3507 1805 3576 parta
1830 3494 1995 3578 (lego
2020 3493 2270 3577 partita)

115 3619 288 3689 atque
313 3606 494 3667 divisa
516 3605 758 3687 qualitas
777 3605 890 3666 illis
913 3619 1031 3676 est3
1053 3605 1174 3666 sive
1197 3608 1304 3667 ἀπὸ
1324 3615 1417 3666 τοῦ
1443 3607 1739 3686 δαιομένοιο,
1764 3603 1829 3663 id
1848 3616 1971 3679 est,
1991 3610 2293 3686 καιομένου-

117 3734 222 3774 seu
240 3714 344 3776 ἀπὸ
362 3723 454 3774 τοῦ·
473 3715 772 3796 δεκομένου,
789 3709 900 3772 hoc
915 3724 1020 3784 est,
1043 3715 1399 3796 μεριζομένου.
1424 3737 1452 3764 ι»
1470 3709 1651 3772 Vides
1668 3710 1915 3774 hominis
1929 3710 2103 3778 Stoici
2123 3708 2275 3791 (Po-.

117 3818 352 3902 sidonii)
380 3841 555 3902 super
581 3821 756 3882 verbo
785 3819 1124 3880 sententiam
1142 3864 1162 3893 ‚
1196 3841 1320 3900 quae
1340 3819 1463 3880 fere
1492 3832 1578 3879 est
1604 3831 1664 3880 et
1682 3817 2097 3884 Platonicorum
2118 3839 2135 3873 ε
2158 3815 2263 3876 sed

119 3931 246 4010 ipse
271 3949 346 3987 ex
373 3927 646 3989 AEthma
672 3926 987 3990 substantia
1007 3925 1203 4008 fingit,
1227 3926 1320 3985 isti
1343 3929 1515 4008 ἀεριόν
1538 3931 1681 4014 γξνος
1700 3923 1853 4006 (ipso
1877 3926 1955 3983 ita
1979 3923 2137 3982 Plato
2160 3966 2176 3996 ,
2203 3924 2268 3984 in

123 4032 428 4116 Epinom.)
449 4033 692 4096 Aereum
722 4055 893 4113 genus
922 4031 1178 4103 faciunt;
1211 4054 1326 4091 non
1360 4044 1549 4094 tamen
1591 4055 1663 4094 ex
1702 4059 1727 4084 ιι
1758 4029 1863 4090 hac
1893 4028 2187 4090 faculenta
2219 4042 2293 4094 et.
