2667 4475
254 806 310 859 ι7

255 1821 313 1874 13

374 306 512 391 344
954 306 1035 371 L.
1091 298 1452 369 ANNAEI
1499 296 1940 368 SENECAE

358 434 607 503 horam
628 435 847 502 noctis
862 482 881 513 ,
908 429 1077 525 quid
1096 429 1229 499 sibi
1248 428 1365 498 ille
1385 434 1400 463 ¹
1429 451 1634 497 sonus
1653 442 1954 497 rotarum
1977 426 2180 496 vellet
2197 428 2230 496 Ρ
2243 432 2507 520 'gestan‘

368 548 645 618 dicitur.
688 550 890 617 Circa
922 546 1147 615 lucem
1183 543 1629 627 discurritur,
1670 544 1871 637 pueri
1907 558 2267 627 vocantur,
2309 545 2508 614 cella·-

365 665 451 735 rii
477 716 499 752 ,
554 666 756 758 coqui
808 663 1325 733 tumultuantur.
1381 660 1637 754 Quaero
1674 659 1848 754 quid
1880 662 2018 730 sit?
2043 660 2302 741 dieitur
2341 663 2510 731 mul-

365 806 512 849 sum
528 797 597 849 et
612 779 852 849 alicam
876 772 899 814 ³
906 778 1179 873 poposci
1188 800 1317 859 sse,
1339 801 1376 846 a
1405 775 1649 845 balneo
1667 776 1877 844 exisse
1889 826 1903 843 .
1922 769 2504 859 »—-⁴Excedebat,

363 898 616 989 inquit,
644 920 835 965 coena
863 895 1011 988 ejus
1038 894 1219 963 diem
1239 889 1682 961 P—Minime!
1720 892 1918 961 valde
1945 896 2129 963 enim
2159 893 2510 989 frugaliter

360 1014 673 1102 vivebat3
706 1014 882 1081 nihil
915 1010 1352 1083 consumebat
1376 1060 1394 1093 ,
1433 1012 1568 1079 nisi
1603 1026 1898 1080 noctem.
1943 1012 2224 1104 Itaque,
2277 1013 2510 1082 crebro

364 1130 753 1199 dicentibus
781 1131 969 1198 illum
1002 1127 1408 1221 quibusdam
1435 1150 1708 1203 avarum
1735 1144 1804 1197 et
1827 1127 2180 1198 sordidum
2220 1156 2238 1195 ε
2279 1157 2318 1195 ι
2343 1133 2506 1216 Vos,

360 1249 630 1341 inquit,
670 1248 861 1317 illum
902 1261 973 1315 et
1006 1244 1423 1339 lychnobium
1451 1236 1474 1279 ⁵
1515 1241 1800 1313 dicetis!
1845 1270 1877 1307 ι»

458 1367 523 1433 N
524 1390 611 1433 on
636 1362 843 1433 debes
866 1364 1226 1444 admirari,
1250 1363 1307 1431 si
1326 1376 1548 1431 tantas
1567 1362 1835 1429 invenis
1852 1363 2176 1431 vitiorum
2199 1364 2506 1457 proprie-

362 1496 533 1549 tates
554 1508 570 1547 2
590 1482 781 1550 varia
798 1494 991 1562 sunt,
1017 1494 1086 1546 et
1104 1476 1640 1546 innumerabiles
1656 1478 1916 1547 habent
1937 1478 2141 1549 facies
2163 1508 2184 1566 3
2211 1504 2508 1573 eompre-

360 1596 574 1666 hendi
612 1622 849 1667 eorum
872 1618 1127 1687 genera
1151 1618 1291 1663 non
1316 1609 1626 1686 possunt.
1650 1594 1946 1686 Simplex
1967 1596 2138 1663 recti
2171 1619 2342 1664 eura
2367 1611 2467 1664 est
2485 1645 2502 1677 ,

360 1713 715 1807 multiplex
734 1713 928 1806 pravi
950 1740 969 1798 3
996 1727 1065 1779 et
1085 1710 1518 1803 quantumvis
1543 1732 1750 1777 novas
1780 1706 2280 1799 declinationes
2305 1711 2503 1804 oepit.

362 1824 555 1893 Idem
584 1825 888 1894 moribus
918 1824 1145 1893 evenit
1180 1850 1195 1890 ε
1234 1839 1546 1892 naturam
1578 1824 2005 1915 sequentium
2040 1824 2278 1893 faciles
2317 1842 2500 1907 sunt,

366 1941 571 2009 soluti
598 1957 757 2009 sunt
775 1935 830 2028 ⁶,
861 1941 1137 2033 exiguas
1171 1939 1590 2007 differentias
1618 1938 1918 2025 habent3
1950 1939 2027 2008 hi
2056 1938 2330 2010 distorti
2357 1943 2504 2035 plu·

367 2058 613 2124 rimum
637 2080 789 2125 cum
810 2056 1125 2125 omnibus
1144 2106 1165 2138 ‚
1188 2071 1259 2125 et
1278 2058 1462 2123 inter
1479 2078 1548 2125 se
1567 2104 1592 2141 ,
1619 2052 1952 2125 dissident
1967 2060 1988 2104 ⁷
2003 2107 2020 2125 .
2049 2057 2272 2129 Causa
2289 2074 2506 2129 tamen

362 2297 472 2332 rum
487 2277 671 2352 agendi
687 2278 933 2330 rationem
950 2275 1169 2348 judicare
1181 2315 1199 2342 ,
1212 2287 1269 2326 ut
1284 2294 1380 2329 sae-

360 2357 463 2409 viat
486 2368 657 2410 contra
689 2355 1022 2426 negligentes.

430 2459 474 2490 ι.
511 2437 661 2508 Quid
677 2438 784 2490 siba·
802 2438 941 2490 ille...
968 2435 1165 2488 vellet?
1183 2437 1386 2502 gestari

357 2519 558 2571 dicitur.
581 2515 667 2568 sic
685 2527 817 2568 recte
836 2528 887 2566 a.
904 2533 945 2566 c.
966 2513 1037 2564 A.
1055 2511 1248 2584 Vulgo,
1265 2514 1385 2580 quis
1407 2563 1412 2568 ,

358 2597 429 2646 sit
450 2595 537 2646 ille
558 2612 716 2646 sonus
736 2603 971 2652 romu-um
986 2591 1017 2643 ἓ
1038 2591 1171 2642 velle
1182 2591 1386 2657 gestari

357 2674 560 2725 daz-itur.
580 2670 743 2724 Scluv.

427 2767 471 2799 α.
499 2747 725 2801 Gestari.
741 2745 952 2813 Essedo‚
971 2745 1077 2797 sive
1102 2743 1275 2797 rheda.
1300 2741 1380 2794 Cf.

358 2825 517 2898 Epist.
542 2840 630 2888 xv,
662 2823 696 2876 6
725 2836 775 2875 et
800 2823 1025 2896 Lipsium
1054 2823 1105 2874 in
1132 2821 1290 2892 Epist.
1314 2821 1382 2874 ad

359 2903 521 2957 Ortel.
544 2904 650 2968 111,
677 2903 769 2958 XI.
788 2901 964 2956 Rnhk.

424 2981 473 3034 3.
492 2981 737 3034 Mulsum
768 2990 819 3034 et
848 2981 1045 3032 alicam
1066 2997 1084 3031 .·
1110 2979 1219 3032 hee
1248 2997 1378 3050 pro-

358 3059 537 3114 mulsis
562 3059 668 3112 sive
688 3071 861 3131 gustus
884 3070 1019 3120 erat,
1042 3069 1091 3109 et
1110 3055 1378 3109 sumebant

356 3137 449 3190 sub
478 3137 640 3210 ipsam
674 3155 887 3190 eoenam.
907 3135 1090 3189 Rubk.
1112 3163 1179 3178 --
1196 3135 1378 3208 Jungit

358 3229 407 3268 et
423 3214 671 3269 Martialis
694 3215 803 3268 haee
822 3214 926 3266 duo
950 3231 1007 3267 τα
1030 3214 1139 3268 Nos
1160 3213 1371 3280 alicam,

352 3293 575 3348 mulsum
610 3295 791 3367 poterit
824 3291 917 3347 tibi
942 3293 1138 3346 mittere
1165 3291 1322 3346 dives.
1345 3315 1373 3340 ιι

354 3395 383 3420 κ
418 3373 563 3426 Alica
580 3384 749 3426 antem
774 3371 879 3437 (ait
908 3371 1043 3426 Plin.
1068 3370 1217 3422 xxu
1232 3409 1249 3436 ,
1276 3371 1373 3436 25)

352 3467 431 3504 res
452 3451 681 3503 Romana
700 3461 773 3500 est
786 3484 800 3509 ,
825 3467 919 3500 nee
944 3447 1138 3519 pridem
1160 3447 1373 3519 excogi-

350 3539 485 3580 tata:
503 3524 695 3596 alioqui
718 3544 823 3577 non
843 3524 1051 3594 ptisanae
1068 3523 1233 3595 potius
1250 3523 1374 3576 lau-

352 3605 439 3657 des
470 3602 776 3676 scripsissent
797 3601 1037 3654 Greci-„-
1054 3601 1175 3655 Esse
1204 3613 1372 3653 antem

350 3681 531 3736 eximie
546 3679 721 3733 utilem
736 3697 889 3731 nemo
903 3678 1225 3740 dubitat‚sive
1237 3677 1370 3732 eluta

348 3762 497 3813 detur
521 3779 577 3810 ex
611 3777 743 3828 aqua
764 3757 927 3810 mulsa
949 3795 963 3822 ‚
988 3757 1095 3810 sive
1120 3756 1171 3808 in
1197 3757 1374 3810 sorbi-

348 3839 511 3892 tiones
530 3838 734 3890 decocta
746 3874 764 3902 ,
777 3835 883 3888 sive
904 3835 959 3887 in
976 3834 1221 3906 pultem.»
1242 3837 1288 3888 Τ
1289 3837 1370 3888 ri—

348 3916 533 3990 plieem
554 3915 765 3968 modum
795 3913 1027 3966 sumendi
1060 3925 1203 3966 notes
1233 3930 1247 3964 :
1278 3914 1370 3966 fuit

348 4005 517 4046 autem
527 3992 703 4066 optimi
712 3991 858 4044 tritici
874 3990 1063 4066 pollen,
1083 4002 1132 4044 et
1144 3993 1235 4044 llos
1246 3991 1366 4064 ipse.

350 4069 499 4137 Lips.
514 4099 579 4114 -
597 4069 877 4140 Lago-ange
898 4069 1043 4123 vertit
1066 4110 1081 4138 ,
1110 4071 1328 4123 mulsum
1352 4089 1365 4123 ε

1480 2275 1554 2325 du
1584 2277 1676 2326 vin
1709 2276 1852 2330 meve'
1871 2277 1937 2330 de
1959 2279 2099 2332 ,me'el
2112 2293 2132 2340 ,·
2167 2278 2350 2331 alicam
2382 2297 2398 2332 ς
2435 2281 2506 2330 du

1473 2371 1667 2420 gruan-
1689 2351 1829 2404 Vide
1852 2351 2097 2426 ampliora
2117 2353 2176 2408 in
2196 2355 2427 2410 Excursn
2443 2357 2504 2408 ad

1481 2429 1672 2484 calcem
1693 2431 1846 2503 hujus
1868 2432 2121 2506 Epistola.

1549 2511 1596 2574 4.
1619 2509 2000 2564 Est-cedebam.
2024 2514 2161 2568 diem
2177 2515 2210 2568 ,Ρ
2237 2516 2382 2568 Num
2407 2529 2504 2568 tam

1481 2587 1614 2640 laute
1655 2600 1705 2640 et
1741 2587 1942 2662 opipare
1979 2591 2227 2658 coenavit,
2271 2607 2326 2645 ut
2367 2595 2504 2648 diem

1479 2685 1655 2728 sunm,
1676 2665 1712 2718 i.
1737 2687 1784 2718 e.
1805 2679 2004 2719 noctem
2022 2708 2038 2735 ,
2063 2668 2199 2721 ultra
2215 2669 2346 2723 lueis
2367 2691 2504 2724 exor-

1478 2756 1585 2797 tum
1613 2742 1920 2819 protraheret
1931 2745 2216 2817 ?—Inquit
2231 2784 2252 2813 ,
2271 2769 2340 2800 sc.
2361 2747 2500 2801 Pedo

1477 2823 1656 2876 Albin.
1677 2821 1856 2877 Ruhk.

1544 2903 1590 2954 5.
1615 2899 1976 2970 Izychnobe'um
1990 2939 2007 2966 ,
2033 2899 2119 2972 qui
2140 2899 2206 2953 ad
2239 2901 2500 2956 lucernam

1475 2977 1618 3032 vivit.
1659 2977 1861 3050 Lipsius
1901 2981 2170 3034 assentitur
2213 2981 2466 3036 Pinciano
2485 3022 2498 3046 ,

1473 3056 1692 3110 allnsnm
1729 3075 1835 3112 esse
1875 3057 2029 3111 simul
2075 3059 2141 3111 ad
2183 3057 2500 3112 lichnobimn

1479 3140 1499 3200 (
1507 3136 1688 3205 221266.
1699 3139 1770 3204 ον)
1795 3137 1939 3207 qnasi
1961 3137 2307 3212 cupediarium
2335 3151 2388 3191 et
2409 3159 2502 3194 ea·-

1473 3213 1724 3268 tillonem.
1741 3215 1928 3268 Rubk.

1537 3287 1586 3342 6.
1597 3289 1774 3344 Saluti
1786 3302 1924 3345 sunt.
1937 3293 2034 3344 Int.
2049 3291 2200 3346 liberi
2213 3306 2333 3346 sunt
2353 3293 2500 3346 omni

1471 3367 1817 3422 sollieitudine
1841 3406 1857 3435 ‚
1885 3370 2068 3443 quippe
2091 3369 2182 3441 qni
2208 3371 2356 3424 vacui
2383 3385 2498 3424 sant

1471 3445 1572 3500 hoc
1605 3445 1779 3498 labore
1821 3465 1978 3501 novas
2017 3449 2249 3518 quotidie
2292 3450 2497 3503 delicias

1472 3523 1766 3577 inveniendi
1784 3561 1801 3590 ,
1819 3536 1868 3576 et
1889 3530 2080 3578 natura
2101 3545 2306 3579 cursum
2323 3540 2496 3580 trans-

1471 3603 1716 3657 vertendi.
1732 3601 2010 3674 Lago-ange
2027 3604 2160 3658 bene
2181 3623 2197 3657 t
2217 3605 2366 3659 Sans
2379 3628 2496 3661 em-

1469 3683 2006 3752 barras.-Exe'guas
2033 3683 2368 3755 damnatio:
2391 3685 2496 3738 Ιιο-

1470 3761 1589 3812 bent
1605 3800 1620 3828 ,
1645 3780 1828 3834 nempe
1851 3759 1906 3812 in
1933 3779 2110 3814 eorum
2135 3760 2254 3815 vitae
2273 3781 2494 3834 gener-eg

1470 3858 1590 3892 nam
1613 3838 1711 3890 sibi
1737 3850 1984 3892 constant.

1536 3937 1580 3982 7.
1607 3916 1690 3970 He·
1703 3918 1912 3970 diunt-ti
1921 3918 2214 3984 plun'mum
2235 3938 2354 3970 cum
2373 3939 2486 3970 om-

1466 3997 1617 4048 nibus
1637 4034 1652 4060 ,
1674 4007 1726 4048 ct
1737 3997 1870 4048 inter
1881 4013 1965 4058 se,
1987 3995 2264 4048 dissident.
2279 3994 2366 4047 111·
2375 3997 2492 4048 dis-

1466 4075 1590 4124 torti
1614 4071 1752 4125 dedit
1771 4072 1905 4125 solus
1926 4091 2015 4124 ms-
2045 4071 2158 4125 Col.
2175 4069 2288 4124 Hes
2307 4075 2458 4146 (puto
2475 4109 2490 4134 ,
