2667 4475
371 275 470 367 96
950 276 1031 344 L.
1083 270 1449 341 ANNAEI
1496 270 1943 341 SENECAE

374 402 554 471 vox?
591 424 674 469 ea
721 398 982 471 scilieet
1005 448 1026 484 ,
1081 424 1233 494 quae
1285 400 1415 468 tibi
1462 400 1673 469 tantis
1704 399 2119 471 clamoribus
2146 402 2539 473 ambitiosis

372 514 732 585 exsurdato
753 564 778 601 ‚
833 515 1132 585 salubria
1181 517 1564 584 insusurret
1605 512 1855 600 verba3
1906 539 2061 607 quae
2102 514 2285 585 dicat
2322 545 2339 583 ι
2368 521 2538 587 Non

371 648 476 703 est
495 682 515 717 ,
549 630 740 725 quod
769 630 1077 701 invideas
1106 632 1252 701 istis
1269 682 1288 716 ,
1323 655 1497 724 quos
1524 656 1805 725 magnos
1830 632 2201 725 felicesque
2226 635 2538 729 populus

372 764 608 835 vocat3
645 772 786 817 non
825 763 972 833 est,
1011 747 1203 843 quod
1239 748 1368 816 tibi
1410 748 1797 841 compositae
1838 749 2085 817 mentis
2113 750 2429 819 habitum
2463 767 2537 821 et

256 884 324 939 6ο
373 866 728 936 sanitatem
761 864 1041 958 plausus
1071 866 1413 951 excutiat3
1453 887 1592 932 non
1620 878 1725 933 est
1748 914 1767 947 ‚
1808 865 1995 957 quod
2022 864 2150 933 tibi
2181 868 2535 960 tranquil-

375 982 583 1051 litatis
616 996 750 1051 tuae
785 981 1130 1052 fastidium
1161 982 1366 1051 faciat
1396 981 1514 1049 ille
1532 1030 1555 1067 ‚
1598 980 1725 1049 sub
1761 981 1899 1049 illis
1934 980 2233 1051 fascibus
2254 988 2311 1070 ¹,
2354 1008 2535 1079 pur-

373 1124 547 1192 pura
583 1100 850 1187 cultu33
894 1122 1036 1168 non
1079 1115 1219 1182 est,
1262 1097 1449 1190 quod
1498 1096 1871 1167 feliciorem
1916 1120 2075 1167 eum
2100 1095 2377 1191 judices
2416 1101 2533 1169 cui

375 1216 839 1300 Submovetur,
871 1240 1074 1309 quam
1093 1219 1230 1297 te²‚
1256 1238 1462 1307 quem
1482 1213 1685 1281 lictor
1702 1202 1981 1283 semita³
2022 1213 2285 1307 dejicit.
2322 1215 2397 1283 si
2424 1217 2535 1285 vis

373 1354 692 1401 exercere
737 1332 863 1401 tibi
915 1332 1086 1400 utile
1105 1380 1125 1416 ,
1167 1330 1342 1399 nulli
1392 1344 1619 1401 autem
1662 1354 1869 1424 grave
1908 1330 2271 1422 imperium
2298 1381 2317 1415 ,
2358 1330 2531 1399 suh·-

375 1472 574 1517 move
613 1450 804 1519 vitia.
851 1449 1052 1517 Multi
1085 1450 1555 1531 inveniuntur,
1599 1448 1720 1541 qui
1750 1448 1979 1541 ignem
2006 1448 2309 1516 inferant
2330 1449 2534 1517 urbi-

375 1563 543 1652 bus;
596 1568 715 1659 qui
761 1565 1318 1661 inexpugnabilia
1363 1562 1625 1633 soeculis
1644 1612 1669 1648 ,
1718 1577 1786 1631 ct
1826 1588 1951 1657 per
1991 1562 2253 1657 aliquot
2294 1580 2533 1633 aetates

375 1702 518 1755 tuta
537 1738 556 1770 ‚
589 1702 1024 1782 prosternant
1045 1716 1065 1774 3
1095 1687 1216 1779 qui
1240 1694 1511 1779 oequum
1528 1685 1801 1755 arcibus
1820 1708 2143 1780 aggerem
2165 1687 2485 1756 attollant
2502 1738 2525 1769 ‚

375 1816 448 1869 et
478 1824 705 1870 muros
737 1804 812 1869 in
844 1802 1085 1869 miram
1118 1800 1548 1868 altitudinem
1584 1795 1865 1867 eductos
1899 1801 2231 1869 arietibus
2262 1826 2345 1871 ac
2378 1828 2531 1871 ma-

259 1928 322 1983 61
377 1918 602 1987 chinis
643 1933 1007 2011 quassent3
1058 1916 1252 1985 multi
1287 1931 1485 1997 sunt,
1525 1918 1647 2009 qui
1682 1932 1841 1985 ante
1872 1941 1947 1985 se
1974 1934 2180 2013 agant
2202 1920 2523 2012 agmina,

376 2050 448 2105 et
483 2037 694 2130 tergis
739 2034 1036 2103 hostium
1085 2056 1325 2128 graves
1362 2034 1621 2106 instent
1644 2083 1663 2115 ‚
1723 2048 1793 2101 et
1844 2032 1937 2102 ad
1974 2058 2159 2103 mare
2198 2059 2527 2130 magnum

375 2152 636 2248 perfusi
668 2152 853 2222 caede
893 2151 1198 2246 gentium
1221 2151 1502 2221 veniant
1538 2176 1553 2217 :
1588 2146 1707 2221 sed
1734 2148 1809 2217 hi
1836 2174 2148 2244 quoque,
2180 2168 2261 2222 ut
2286 2156 2529 2223 vince—

375 2284 530 2338 rent
555 2269 820 2338 hostem
839 2319 858 2351 ,
887 2266 1262 2362 cupiditate
1289 2268 1453 2336 victi
1480 2283 1661 2336 sunt.
1696 2270 1909 2336 Nemo
1936 2268 2073 2338 illis
2089 2271 2529 2341 venientibus

375 2387 657 2475 restitit3
693 2382 815 2454 sed
841 2409 969 2454 nec
995 2385 1123 2478 ipsi
1153 2383 1510 2452 ambitioni
1531 2382 2057 2476 crudelitatique
2082 2388 2521 2456 restiterant:

374 2516 576 2584 tunc,
616 2523 826 2591 quum
858 2522 1063 2592 agere
1089 2499 1217 2566 visi
1244 2513 1404 2566 sunt
1428 2495 1638 2582 alios,
1669 2497 2071 2589 agebantur.
2106 2499 2377 2594 Agebat
2401 2503 2525 2569 in-

373 2614 640 2682 felicem
674 2613 1128 2682 Alexandrum
1147 2605 1174 2655 ⁴
1213 2613 1406 2680 furor
1442 2612 1663 2679 aliena
1687 2611 2037 2696 vastandi,
2080 2629 2147 2681 et
2170 2615 2265 2682 ad
2290 2616 2525 2710 ignota

259 2749 324 2804 62
376 2732 708 2801 mittebat.
761 2733 868 2798 An
922 2745 999 2798 tu
1047 2744 1244 2824 putas
1299 2753 1537 2798 sanum
1564 2722 1590 2765 ⁵
1616 2778 1635 2814 ‚
1682 2731 1801 2821 qui
1838 2753 1879 2797 a
1912 2730 2189 2808 Graeciae
2225 2734 2523 2827 primum

375 2971 471 3006 nus
497 2950 650 3005 vellet
667 2969 848 3004 veram
868 2969 884 3004 .·
901 2951 1058 3024 possis
1085 2962 1162 3016 et,
1194 2953 1396 3005 vivam.

445 3051 488 3084 1.
518 3030 632 3083 Sub
664 3031 772 3083 illati
789 3029 1057 3100 fascibus.
1097 3028 1203 3098 Qui
1241 3029 1394 3082 erecti

375 3119 597 3182 praeeunt
611 3106 755 3160 :ideo
769 3107 867 3159 sub
884 3107 1012 3159 mis.
1027 3105 1278 3178 Intelligit
1291 3127 1395 3159 ma-

373 3186 636 3258 gistratum
665 3195 751 3236 aut
773 3184 1052 3258 imperium.
1071 3184 1135 3237 L.
1148 3211 1214 3224 —
1233 3183 1396 3236 Simi'-

375 3263 443 3316 lia
466 3273 586 3315 sunt
607 3261 808 3314 Horatii
828 3261 998 3314 Carm-
1017 3263 1070 3313 ΙΙ
1088 3298 1103 3327 ,
1131 3261 1214 3324 16,
1236 3261 1268 3312 8
1283 3281 1395 3332 sqq.

373 3339 464 3394 ubi
499 3343 562 3392 cs.
595 3338 958 3392 Mitscberlich.
989 3359 1000 3390 ε
1031 3359 1058 3384 «ι
1081 3339 1257 3390 Otium
1287 3357 1397 3391 non

375 3417 605 3492 gemmis,
625 3437 790 3487 neque
805 3436 1019 3490 purpura
1038 3416 1214 3469 venale
1231 3435 1396 3487 neque

373 3516 511 3550 auro.
537 3500 654 3548 Non
679 3495 815 3548 enim
839 3515 1001 3564 gaam,
1026 3514 1192 3564 neque
1212 3515 1397 3547 consu-

370 3575 491 3628 laris
515 3573 796 3627 Submovet
815 3575 962 3626 lictor
981 3573 1190 3625 miseros
1211 3573 1397 3626 tumul-

375 3667 453 3706 tus
477 3653 664 3705 Mentis
687 3665 780 3706 etc.
801 3673 828 3698 ³»
859 3649 1038 3702 Ruhk.

441 3754 487 3786 α.
521 3731 593 3784 Te
618 3751 795 3784 omnes
820 3729 968 3782 codd.
991 3741 1219 3795 servant,
1241 3729 1395 3782 omis·

375 3833 488 3866 sum
509 3811 572 3864 ab
597 3809 833 3863 omnibus
859 3808 972 3861 edd.
997 3807 1211 3860 restitui.
1235 3805 1308 3858 R.

443 3891 489 3943 3.
537 3889 707 3961 Quem
745 3891 897 3942 lictor
934 3891 1139 3939 semita.
1167 3887 1300 3939 Nam
1337 3887 1393 3939 in

377 3967 726 4022 submovendo
754 3965 940 4040 populo
975 3983 1130 4016 manu
1159 3977 1206 4015 et
1247 3965 1393 4036 virga

381 4048 528 4100 etiam
559 4047 758 4099 lictores
781 4043 1122 4116 impellebant.
1155 4042 1286 4096 Vide
1309 4065 1391 4097 me

1490 2949 1555 3003 de
1570 2961 1675 3002 tota
1690 2969 1746 3002 re
1764 2949 1981 3004 Elector.
2007 2953 2061 3017 1,
2091 2971 2197 3026 cap.
2220 2967 2352 3008 xxn.
2372 2953 2520 3024 lips.

1557 3026 1606 3091 4.
1650 3028 1921 3095 Infiele'cem
1978 3033 2377 3088 Alexandrum.
2437 3036 2521 3088 De

1490 3105 1779 3159 Alexandro
1797 3147 1812 3174 ,
1842 3127 1997 3180 quem
2028 3129 2137 3162 non
2172 3129 2231 3163 ex
2262 3111 2519 3179 Historia,

1490 3187 1579 3242 sed
1597 3211 1655 3242 ex
1676 3189 2127 3244 declamationibus
2146 3193 2411 3265 cognitum
2432 3194 2525 3247 ba·

1491 3265 1642 3320 bebat
1654 3269 1854 3328 Noster,
1871 3267 2109 3339 iniquum
2121 3289 2224 3322 esse
2240 3269 2519 3340 judicium,

1494 3357 1599 3398 tota
1642 3345 1749 3414 eius
1789 3345 1998 3399 historia
2042 3345 2227 3400 clamat
2266 3365 2281 3400 ε
2322 3349 2522 3403 etiamsi

1496 3424 1635 3477 enim
1656 3437 1881 3491 constet,
1905 3425 2251 3480 Alexandrum
2292 3429 2521 3482 doman-

1494 3504 1677 3554 dorum
1716 3502 2017 3576 populorum
2054 3504 2207 3558 fuisse
2246 3507 2517 3581 cupidum,

1492 3591 1659 3632 tamen
1686 3579 1808 3632 inde
1842 3601 1947 3632 non
1984 3582 2245 3652 sequitur,
2279 3605 2397 3639 eum
2425 3587 2525 3637 su·-

1492 3677 1606 3710 rore
1632 3657 1797 3710 aliena
1838 3659 2129 3713 devastandi
2174 3682 2281 3716 esse
2316 3683 2523 3736 correp-

1494 3749 1617 3788 tum.
1643 3736 1945 3790 Alexandria
1972 3739 2035 3792 ab
2056 3759 2116 3793 eo
2139 3753 2387 3796 exstructa
2409 3755 2523 3794 tes-

1494 3814 1711 3868 timonio
1738 3828 1811 3868 est
1834 3816 1951 3869 satis
1974 3817 2235 3872 luculento
2253 3859 2269 3886 ,
2297 3839 2397 3890 quo
2428 3819 2521 3873 illa

1494 3892 1723 3945 acerbior
1760 3913 1913 3961 quam
1948 3894 2123 3964 iustior
2154 3896 2401 3949 accusatio
2427 3915 2525 3948 re-

1490 3973 1695 4022 futetur.
1726 3971 1805 4024 Cf.
1834 3971 1897 4022 ad
1922 3971 2022 4045 Ep.
2046 3987 2139 4026 κει
2155 4010 2171 4037 ,
2204 3993 2281 4039 ¹7·
2303 3973 2487 4024 Ruhk.

1560 4051 1606 4100 5.
1630 4049 1719 4100 Αη
1744 4059 1799 4100 tu
1820 4060 1981 4116 putas
2002 4069 2251 4104 sanum„-
2266 4052 2523 4108 mordeat.
