2667 4475
386 298 526 396 δή·
1117 294 1425 379 JUSTI
1470 306 1807 379 L1Ps11

379 456 547 515 certis
585 452 834 535 periodis
856 495 874 526 ,
925 474 1218 533 nunquam
1267 452 1555 512 desituris.
1586 478 1615 505 ιι
1664 453 1878 527 Aliter,
1928 454 2181 534 inquam
2202 500 2221 529 ,
2274 468 2565 537 postrema

379 561 519 621 dicit
540 603 557 634 ,
593 581 684 619 res
722 571 780 618 et
811 558 956 618 ratio
987 557 1190 617 eodem
1224 556 1457 618 eadunt.
1501 556 1658 617 Perit
1682 558 1775 617 hic
1804 570 1863 618 et
1892 559 1992 618 ille
2032 558 2313 620 Mundus
2346 563 2529 643 igitur
2546 586 2561 617 ε

377 679 436 726 et
459 667 664 724 scitum
691 664 798 723 hoc
825 662 1076 723 Stoicum
1108 661 1365 731 Laertius
1392 664 1475 721 sic
1504 664 1783 745 expressit
1815 687 1831 722 ε
1870 691 1897 716 α
1922 663 2121 725 Placet
2154 666 2235 725 iis
2264 670 2559 748 corrupti—

373 774 548 833 bilem
583 793 705 831 esse
742 770 1028 831 Mundum
1046 814 1063 843 ,
1101 770 1318 851 quippe
1352 772 1609 852 genitum
1642 792 1711 829 ea
1744 772 1999 844 ratione,
2037 794 2160 853 qua
2194 772 2403 833 solent
2430 796 2561 832 sen-

374 881 529 940 sibus
559 890 847 961 percepta.
882 878 1062 957 Cujus
1092 879 1264 937 etiam
1289 890 1483 958 partes
1508 878 1861 959 corruptioni
1889 876 2161 939 obnoxiae
2196 894 2387 955 sunt,
2426 881 2485 939 id
2512 896 2557 939 et

375 1000 554 1048 totum
587 1009 604 1043 =
637 998 826 1067 partes
875 999 1066 1046 autem
1113 983 1320 1043 Mundi
1360 984 1499 1043 tales
1540 983 1702 1065 (nam
1744 985 1993 1045 invicem
2020 987 2272 1047 assidue
2320 1001 2555 1049 munn-

375 1090 495 1174 tur)
521 1117 536 1165 ς
575 1114 712 1174 ergo
731 1103 791 1151 et
817 1090 1094 1151 Mundus.
1124 1089 1202 1150 Et
1219 1090 1464 1171 amplius
1479 1133 1497 1163 ,
1532 1092 1582 1151 si
1605 1090 1747 1172 quid
1776 1092 2163 1153 mutationem
2202 1094 2269 1153 in
2306 1093 2553 1153 deterius

371 1198 654 1271 admittit,
685 1197 1053 1279 corruptibile
1087 1209 1172 1256 est
1199 1220 1214 1255 ε
1245 1196 1381 1257 facit
1408 1196 1663 1259 Mundus
1688 1221 1705 1269 3
1743 1218 1878 1256 nam
1914 1200 2211 1259 exarescit
2230 1244 2249 1273 ,
2288 1214 2357 1260 et
2388 1203 2551 1261 innn-

375 1304 561 1365 datur.
595 1330 623 1359 ι»
661 1302 935 1363 Rationes
973 1303 1265 1384 adjunctas
1297 1302 1460 1363 vides
1500 1327 1516 1361 z
1551 1305 1829 1386 primam,
1871 1303 2045 1385 Quod
2080 1307 2321 1382 genitus
2348 1309 2437 1367 sit
2458 1332 2477 1365 ε
2504 1322 2549 1365 et

375 1413 662 1496 quidquid
693 1426 880 1473 ortum
913 1411 1118 1485 habet,
1155 1411 1306 1471 idem
1342 1412 1534 1471 finem.
1569 1413 1676 1471 Cui
1711 1412 1871 1471 Plato
1896 1410 2059 1494 (nam
2084 1414 2137 1471 is
2166 1414 2549 1475 immortalem

373 1518 689 1601 constituit)
717 1522 798 1579 sic
827 1521 1074 1580 occurrit
1108 1518 1206 1601 (in
1239 1518 1477 1600 Timaeo)
1511 1543 1527 1577 e
1566 1546 1593 1573 «
1612 1519 1694 1578 Ut
1722 1521 1797 1578 sit
1822 1520 2075 1579 mortalis
2112 1521 2375 1600 quidem
2394 1564 2413 1593 ,
2450 1542 2549 1601 qua

371 1630 596 1711 genitus
629 1641 716 1688 est
741 1652 757 1699 ;
789 1626 892 1686 sed
927 1648 1046 1687 non
1082 1627 1355 1699 solvetur,
1392 1646 1577 1707 neque
1616 1638 1827 1685 sortem
1858 1648 1984 1686 mor
2005 1628 2057 1685 is
2090 1627 2326 1687 subibit
2350 1672 2369 1699 ,
2418 1650 2547 1708 pro-

370 1746 500 1815 pter
527 1735 638 1795 Dei
668 1734 1042 1795 voluntatem,
1073 1758 1100 1785 ι»
1121 1730 1443 1815 Significat,
1478 1734 1559 1791 ita
1586 1730 1797 1791 factum
1821 1744 1881 1791 et
1896 1731 2063 1789 condi
2072 1744 2201 1791 tum
2224 1754 2261 1790 a
2288 1734 2425 1792 Deo
2446 1778 2460 1800 ‚
2490 1746 2545 1791 ut

370 1862 446 1901 ne
474 1853 712 1921 pereat3
743 1852 830 1913 et,
859 1861 984 1920 quae
1014 1860 1082 1899 eo
1111 1838 1363 1911 ducunt,
1396 1838 1605 1899 desint.
1623 1838 1915 1918 -Apuleius
1940 1835 2039 1917 (de
2062 1837 2291 1919 Dogm.
2322 1838 2538 1919 Pht.):

375 1974 404 2003 α
433 1947 525 2009 Ad
553 1946 673 2005 haec
703 1948 970 2005 attributa
1000 1959 1086 2007 est
1115 1947 1170 2006 ei
1197 1959 1473 2027 perpetua
1496 1946 1767 2023 juventus
1783 1987 1800 2019 ,
1826 1957 1883 2003 et
1910 1944 2189 2003 intiolata
2224 1946 2535 2006 valemdoz

373 2074 556 2135 eoque
597 2053 742 2115 nihil
778 2065 1050 2135 praeterea
1081 2055 1447 2115 extrinsecus
1494 2054 1608 2111 est‘
1624 2053 1887 2111 relictum
1910 2094 1928 2123 ,
1972 2052 2132 2131 quod
2168 2075 2539 2135 con-iamper

376 2173 570 2243 posset
587 2160 713 2240 ejus
731 2160 1028 2243 ingenium
1047 2183 1068 2231 ,ς
1093 2172 1152 2219 et
1169 2160 1265 2231 „si
1285 2170 1608 2240 superesset
1630 2200 1647 2231 ,
1672 2180 1787 2217 non
1806 2178 1943 2215 eum
1965 2156 2237 2229 laederet,
2262 2181 2455 2240 quum
2472 2162 2537 2217 ita

375 2268 530 2350 apud
561 2291 624 2330 se
649 2290 722 2328 ex
753 2269 910 2328 omni
931 2280 1092 2348 parte
1118 2268 1465 2347 compositus
1491 2279 1663 2346 atque
1691 2263 1985 2326 ordinatus
2014 2264 2165 2324 soret
2182 2307 2203 2338 ,
2242 2279 2311 2324 ut
2334 2267 2537 2326 adm-

375 2377 559 2438 santia
587 2387 646 2434 et
677 2375 958 2435 contraria
989 2386 1202 2432 namrae
1235 2372 1661 2452 disciplinasque
1688 2372 1811 2450 ejus
1836 2369 2067 2430 officere
2090 2392 2215 2430 non
2244 2386 2533 2451 possent.-

373 2483 774 2564 Trismegistus
805 2479 918 2563 (ut
949 2478 1139 2562 saepe)
1166 2479 1260 2538 hic
1301 2497 1541 2560 quoque¹
1578 2477 1914 2538 Platonissat
1936 2475 2101 2558 (cap.
2138 2474 2229 2559 8)
2264 2502 2283 2537 ι
2320 2507 2353 2534 «ι
2384 2480 2539 2538 Pater

374 2585 626 2671 (Deus)
667 2589 790 2668 ipse
819 2611 854 2647 a
873 2607 946 2656 ,se
973 2599 1216 2646 aeternus
1254 2609 1273 2644 ε
1302 2583 1560 2644 Mundus
1595 2597 1783 2644 autem
1816 2607 1847 2644 a
1886 2583 2049 2644 Patre
2080 2605 2321 2666 semper
2346 2589 2535 2646 virm

377 2707 436 2756 et
482 2695 817 2754 immortalis
869 2706 956 2754 est
1005 2692 1208 2752 sactus.
1241 2717 1270 2744 »ι
1309 2691 1503 2752 Altera
1548 2691 1867 2754 Stoicorum
1914 2691 2091 2762 ratio,
2134 2691 2318 2772 Quod
2354 2705 2537 2772 pano

377 2800 589 2862 Mundi
611 2801 1012 2880 compu’hiles.
1049 2800 1138 2859 Ita
1163 2811 1277 2871 est,
1301 2797 1585 2858 elementa
1610 2797 1850 2870 docent,
1886 2797 2091 2877 etipse
2113 2797 2301 2876 zethei·
2325 2822 2346 2858 z
2372 2821 2535 2880 quem

379 2921 571 2968 tamen
607 2907 936 2971 Aristoteles
958 2907 1139 2980 voluit
1165 2918 1518 2986 exemptum.
1548 2905 1741 2970 Nostri
1778 2905 2051 2978 minime,
2084 2904 2191 2964 sed
2216 2903 2383 2966 hunc
2402 2930 2535 2988 quo-

379 3035 496 3098 que
531 3015 724 3097 pasci,
758 3014 977 3086 minui,
1007 3013 1154 3072 verti
1199 3025 1258 3071 et
1295 3014 1357 3070 in
1396 3031 1593 3075 aerem
1624 3011 1787 3070 solvi.
1830 3011 1895 3072 si
1929 3025 2181 3100 ‹piamm-
2214 3013 2499 3074 elementa
2516 3057 2533 3082 ‚

377 3124 426 3182 si
459 3145 526 3183 ea
555 3143 680 3204 quae
715 3142 788 3182 ex
826 3120 915 3180 his
949 3133 1120 3191 nata,
1152 3139 1288 3201 ergo
1321 3131 1473 3180 totus
1508 3117 1783 3178 Mundus.
1818 3115 2123 3180 Lucretius
2149 3123 2379 3202 pan'ter
2404 3145 2533 3183 oon-

377 3227 830 3311 cludit(1i1›.V,
863 3223 984 3286 236
1017 3239 1076 3286 et
1101 3222 1302 3306 seqq.)
1328 3248 1363 3281 ε.

553 3357 560 3366 ’
715 3356 962 3426 Principio
981 3355 1220 3426 quoniam
1237 3355 1403 3406 runi
1416 3371 1629 3424 corpus,
1652 3362 1703 3404 et
1728 3356 1939 3416 Humor,

711 3452 1046 3516 Auru-umque
1063 3447 1196 3498 leves
1215 3446 1389 3496 animm
1410 3482 1428 3507 ,
1450 3444 1697 3513 calidique
1722 3461 1925 3514 vapores
1946 3483 1963 3509 ,

721 3541 762 3590 E
783 3537 958 3606 quibus
973 3536 1076 3588 hsce
1099 3553 1262 3588 rerum
1292 3536 1550 3586 consistere
1573 3553 1767 3586 summa
1786 3535 2001 3596 videtur,

716 3630 894 3678 Omnia
915 3630 1081 3678 nativo
1100 3645 1156 3677 ac
1177 3627 1372 3678 mortali
1395 3643 1594 3696 corpore
1619 3633 1845 3676 constant
1873 3645 1884 3674 :

635 3788 642 3797 Ι
711 3719 869 3770 Debet
890 3725 993 3769 tota
1018 3715 1189 3768 cadem
1214 3715 1383 3766 Mundi
1407 3724 1578 3767 natura
1598 3718 1782 3786 putari.

373 3842 558 3902 Debet
583 3883 599 3912 ,
623 3860 731 3899 nec
765 3836 924 3898 Plato
951 3836 1061 3896 hoc
1093 3835 1310 3914 rejiciat
1327 3878 1345 3909 ,
1376 3835 1487 3893 nisi
1511 3846 1671 3893 scuto
1698 3835 1907 3893 iterum
1936 3847 2229 3917 assumpto
2263 3858 2298 3895 a
2330 3839 2518 3898 volun·

375 3961 492 4008 tate
531 3947 742 4006 divina.
791 3945 984 4006 Tertia
1025 3944 1168 4002 ratio
1188 3986 1204 4014 ,
1245 3941 1416 4022 Quod
1440 3942 1813 4004 Mutationem
1856 3943 1917 4002 in
1956 3945 2197 4004 deterius
2250 3945 2511 4008 admfflz'l.

373 4052 701 4112 verissime.
749 4079 776 4106 «ι
796 4048 950 4128 Quid
982 4051 1132 4110 enim
1161 4046 1279 4128 (ait
1311 4049 1535 4120 Noster,
1570 4046 1751 4130 Epist.
1790 4048 1974 4130 Lxxl)
2001 4053 2335 4112 mutationis
2356 4055 2511 4134 peri-
