2667 4475
424 308 915 377 PHYSIOL.
970 307 1480 379 STOICOR.
1535 307 1731 378 LIB.
1782 309 1842 378 1.
2075 313 2208 409 517

76 453 310 513 faciente
332 495 349 528 ,
382 451 419 512 ὃ
448 453 620 513 homo
646 497 665 527 ,
700 452 854 514 fecit.
896 454 965 512 In
994 455 1175 534 prima
1222 455 1442 536 origine
1485 454 1604 514 haec
1652 455 1844 516 omnia
1893 454 2018 513 sine
2063 476 2214 514 noxa

76 574 230 621 erant
256 561 417 620 nobis
440 560 687 620 obnoxia
714 582 731 616 ε
762 561 825 618 in
852 559 1041 620 Deum
1067 561 1362 620 surrexisti
1381 581 1796 635 „communem
1821 560 2172 621 conditorem
2193 586 2211 620 ι
2253 549 2280 570 ⁰

75 687 203 746 ergo
229 665 324 724 illa
349 666 518 725 etiam
553 667 614 723 in
644 677 733 738 te,
768 677 833 724 ut
864 664 1218 724 vindicatura
1237 710 1254 740 ,
1287 678 1345 725 et
1373 689 1406 726 a
1435 668 1619 748 prima
1653 687 1756 726 sua
1781 680 1984 726 natura
2011 667 2218 729 demu-

72 783 275 830 tarunt.
311 769 425 830 Sed
456 791 563 852 pro
592 771 877 830 communi
914 770 1088 829 etiam
1118 769 1480 852 Philbsophia
1519 771 1627 831 hoc
1667 772 1802 832 licet
1833 771 2027 833 dicere
2064 797 2080 832 ε
2114 774 2220 832 ista

74 888 183 936 tam
231 877 455 937 diversa
474 919 491 950 ,
528 889 645 936 tam
674 877 829 936 varia
848 919 865 949 ,
895 875 1084 936 facere
1132 888 1189 936 et
1230 879 1450 958 requiri
1499 877 1574 938 ad
1603 891 1866 938 ornatum
1905 879 2220 961 perfectio-

76 1005 315 1064 nemque
332 984 524 1065 magni
546 983 774 1042 Mundi.
801 982 1051 1046 Mundi?
1080 984 1251 1044 etiam
1282 982 1360 1042 ad
1381 984 1492 1043 Dei
1510 985 1822 1065 potentiam
1843 987 2222 1068 sapientiam-

74 1112 183 1170 que
224 1090 647 1150 notificandam.
683 1088 849 1149 Potes
884 1103 947 1148 tu
970 1089 1097 1150 illas
1122 1111 1460 1150 araneorum
1481 1090 1716 1150 subtiles
1737 1104 1797 1152 et
1813 1093 2058 1152 intextas
2081 1094 2222 1152 telas

76 1197 274 1256 intueri
301 1241 335 1270 „
354 1197 482 1258 sine
516 1195 893 1256 admiratione
906 1194 1277 1260 conditoris?
1314 1207 1485 1277 potes
1519 1196 1730 1276 vipera
1762 1197 1980 1258 colores
2001 1235 2020 1272 ,
2050 1200 2224 1260 volu-

74 1301 263 1376 mina-‚
292 1301 543 1361 indolem
559 1301 598 1359 ἶ·
616 1312 785 1381 potes
800 1300 898 1362 -vel
932 1301 1231 1360 molestum
1265 1302 1430 1361 illum
1457 1314 1516 1361 et
1549 1323 1916 1362 susurronem
1941 1305 2182 1364 culicem
2205 1349 2221 1378 ,

76 1407 195 1466 sine
221 1409 347 1488 ipso
397 1407 505 1466 hoc
553 1407 909 1489 cogitationis
951 1405 1184 1468 fructu?
1218 1408 1295 1466 At
1326 1410 1480 1468 enim
1501 1453 1519 1482 ,
1565 1409 1751 1468 aiebat
1768 1453 1788 1482 ‚
1835 1411 2011 1470 nostni
2055 1434 2225 1472 causa

77 1513 227 1572 Deus
276 1513 394 1572 haec
428 1513 567 1573 fecit
612 1537 629 1572 ε
664 1526 859 1574 contra
889 1536 1041 1572 nunc
1092 1525 1179 1574 est
1200 1557 1221 1588 ‚
1266 1526 1325 1574 et
1353 1527 1582 1575 nocent.
1618 1514 1853 1576 Nostri?
1891 1517 2229 1578 secundario

76 1619 309 1698 quidem
332 1663 351 1694 ,
398 1619 503 1678 sed
516 1618 771 1699 primum
794 1663 815 1693 ,
851 1639 977 1678 sua.
998 1617 1207 1679 Gloriae
1236 1621 1362 1697 ejus
1381 1619 1502 1678 liaec
1537 1621 1792 1680 serviunt
1811 1665 1828 1695 ,
1867 1623 2084 1682 mundo
2121 1623 2224 1682 toti

77 1729 331 1788 serviunt
370 1751 389 1786 z
431 1749 539 1788 nec
570 1727 745 1786 solius
779 1727 1027 1786 hominis
1050 1739 1342 1808 aspectum
1370 1727 1568 1788 haberi
1591 1771 1608 1802 ,
1641 1729 1965 1789 verecunde
1991 1731 2228 1812 quidem

77 1847 254 1912 petas.
290 1833 509 1894 Tamen
538 1855 613 1892 un
651 1854 769 1892 nou
804 1846 865 1892 ct
902 1834 1027 1892 ista.
1041 1833 1305 1892 humanis
1330 1835 1530 1894 usibus
1553 1856 1634 1893 se·
1647 1837 1948 1916 praebent?
1974 1835 2190 1896 Omitto
2213 1859 2230 1906 ;

76 1942 229 2020 quod
261 1941 569 2021 imperium
597 1941 659 1998 in
684 1939 803 1998 haec
826 1953 948 2000 tam
976 1961 1209 2022 aspera,
1248 1951 1309 1999 et
1325 1940 1512 2000 calide
1529 1943 1794 2000 nocentia
1814 1985 1831 2015 ,
1861 1963 2192 2002 exercemus
2213 1983 2229 2015 ,

79 2059 133 2105 et
164 2059 372 2106 cuncta
398 2069 433 2106 a
463 2059 667 2106 natura
704 2069 811 2106 nos
844 2046 1073 2129 fugiunt
1112 2071 1129 2106 ε
1168 2047 1424 2110 sed.vim
1459 2049 1636 2108 etiam
1657 2061 1716 2109 et
1744 2071 1913 2109 usum
1944 2050 2230 2109 occultum

78 2153 287 2214 habere
312 2198 332 2227 ‚
378 2154 534 2234 prior
573 2165 632 2212 et
668 2154 787 2212 haec
827 2166 964 2214 aetas
994 2153 1188 2214 docuit
1208 2198 1226 2229 ‚
1258 2177 1323 2214 ac
1365 2167 1591 2235 postera
1633 2155 1878 2216 docebit.
1931 2156 2020 2215 Ne
2063 2156 2232 2216 stulte

80 2273 134 2319 et
155 2282 401 2343 propere
428 2260 637 2321 damna
661 2285 677 2319 ε
704 2262 808 2323 sed
825 2304 844 2334 ‚
876 2272 941 2321 ut
976 2260 1201 2321 Natura
1219 2262 1456 2343 quidam
1477 2265 1694 2343 peritus
1728 2276 1984 2336 venator,
2027 2263 2234 2343 indaga

78 2370 259 2450 magis
296 2380 355 2427 et
390 2368 639 2449 inquiro.
684 2366 1037 2449 Augustinus
1075 2390 1145 2427 eo
1176 2381 1344 2427 vocat
1357 2364 1509 2447 (XI
1532 2368 1640 2427 De.
1664 2368 1863 2441 Givit„
1895 2390 2023 2449 cap.
2069 2366 2230 2449 22·)'=

84 2501 109 2525 «ι
138 2474 351 2534 Divina
375 2517 393 2547 ,
431 2475 617 2554 i‘nquit
638 2516 655 2547 ,
702 2494 807 2533 nos
844 2472 1120 2533 admonet
1159 2471 1522 2531 Providentia
1543 2515 1563 2546 ‚
1608 2494 1724 2531 non
1767 2494 1860 2532 res
1903 2474 2238 2554 insipienter

82 2582 407 2662 vituperare
431 2624 450 2654 ‚
489 2580 595 2640 sed
628 2580 931 2639 utilitatem
966 2599 1157 2637 rerum
1184 2576 1490 2659 diligenter
1523 2580 1812 2659 inquirere
1841 2603 1857 2637 ε
1891 2592 1950 2638 et
1990 2580 2090 2639 ubi
2123 2602 2238 2639 no-

79 2700 261 2747 strum
295 2689 593 2771 ingenium
624 2687 719 2747 vel
756 2686 1057 2745 infirmitas
1090 2684 1281 2744 deficit
1299 2728 1317 2758 ,
1365 2686 1446 2744 ibi
1487 2684 1722 2746 credere
1762 2686 1984 2745 occulta
2027 2710 2046 2745 ε
2092 2666 2240 2747 sicut

79 2790 189 2847 alia
214 2832 233 2863 ‚
278 2811 395 2871 qua
432 2789 531 2847 vix
574 2788 863 2869 potuimus
897 2786 1175 2845 invenire.
1226 2787 1416 2867 Atque
1445 2786 1728 2868 haeejpsa
1765 2799 1864 2847 aut
1905 2787 2240 2847 humilitatis

81 2896 421 2955 exercitatio
442 2907 529 2953 est
546 2937 563 2967 ,
586 2905 685 2952 aut
706 2892 965 2953 elationis
1008 2892 1241 2951 attritio.
1273 2919 1300 2945 n
1347 2891 1734 2953 Pulcherrima
1773 2893 2062 2965 clausulam
2097 2893 2240 2974 quid

80 3002 166 3059 vis
186 3046 204 3076 ,
245 3002 283 3061 ὃ
312 2999 523 3069 bomo?
548 3012 849 3081 stuporem·
862 3009 1025 3057 tuum
1050 2997 1253 3058 divinae
1276 2996 1574 3079 Sapientia
1595 3019 1886 3079 opponere
1909 2998 1934 3056 ?
1955 2996 2240 3078 quidquid

82 3128 195 3165 non
234 3107 429 3187 capis,
466 3104 739 3188 carpere?
768 3104 1018 3165 Demitte
1069 3116 1126 3163 et
1164 3104 1378 3163 inclina
1409 3118 1467 3165 te
1498 3106 1688 3185 potius
1725 3128 1742 3162 ε
1779 3116 1840 3163 et
1863 3104 2002 3162 scito
2033 3124 2239 3163 arcana

80 3214 199 3271 haec
232 3212 465 3273 Naturae
496 3212 665 3291 adyta
688 3254 705 3285 ,
740 3232 951 3292 magno
984 3210 1067 3269 issi
1108 3208 1366 3269 Pontifici
1398 3208 1664 3270 adeunda
1705 3220 1926 3269 tantum
1953 3232 1972 3265 z
2005 3208 2239 3269 fortasse

82 3320 413 3381 minoribus
442 3319 611 3378 etiam
638 3316 1027 3377 sacerdotibus
1048 3360 1065 3390 ,
1089 3315 1151 3375 id
1172 3328 1286 3387 est,
1323 3315 1556 3390 Geniis,
1587 3316 1744 3377 haud
1773 3338 1999 3398 semper
2020 3328 2232 3398 aperta.

82 3426 243 3501 Quid
281 3426 449 3485 nobis
489 3424 785 3506 profanis?
816 3426 1156 3509 caligamus,
1191 3436 1250 3485 et
1294 3425 1356 3484 in
1386 3425 1630 3505 pri⁴mam
1655 3424 1810 3485 illam
1843 3424 2084 3486 Causam
2109 3423 2243 3485 sruv

86 3546 207 3601 stra
244 3532 447 3594 oculos
472 3532 861 3596 immittamus.
