2667 4475
381 306 514 375 580
1129 278 1437 367 JiJsT1
1484 293 1807 367 mrsu

380 430 605 491 crobius
626 455 670 505 ,-
699 427 724 487 1
755 426 983 487 Saturn.
1027 447 1156 507 cap.
1214 424 1332 507 20)
1370 425 1573 507 eodem
1614 448 1811 486 versus
1846 423 2162 507 Sarapidos
2218 428 2533 487 retulerim
2552 473 2565 492 ,

379 560 522 621 quos
565 538 941 619 interrogatus
977 559 1010 594 a
1053 520 1425 596 Nicocreonte
1455 536 1793 617 Cypriorum
1828 557 1962 619 rege
1992 536 2266 617 protulit.
2308 535 2569 619 AEgyptii

372 648 524 707 enim
556 647 722 705 istum
754 630 1001 704 Deorum
1029 643 1349 703 mavienum
1398 643 1597 702 dicunt
1616 686 1633 717 ‚
1671 642 1732 702 id
1778 654 1865 701 est
1890 686 1907 715 ,
1961 640 2297 703 Mundum.
2340 644 2557 705 Versus

380 764 510 812 sunt
539 774 554 810 z

713 862 820 937 Εῗμι
847 866 968 929 Θαὶς
991 866 1175 921 soloe&
1195 868 1354 935 μαθεῖν
1370 906 1386 935 ,
1412 862 1510 919 οἷον
1535 866 1577 919 κ’
1598 865 1689 951 ξγὸ
1712 866 1847 919 εἴπω.

711 952 883 1029 ὸῦροίνι
892 979 939 1021 ος
967 956 1137 1027 κὸσμος
1159 958 1334 1025 κεφαλὴ
1356 994 1372 1023 ,
1395 958 1572 1027 γαστὴρ
1596 958 1646 1011 δῖ
1672 958 1895 1011 θάλασσα
1910 994 1928 1022 ,

705 1044 823 1103 Γαΐα
847 1049 903 1103 ὃ(
923 1071 999 1117 μοι
1025 1048 1173 1111 πὸδες
1199 1050 1286 1103 de}
1309 1086 1325 1115 ,
1352 1050 1411 1102 τὰ
1434 1036 1481 1101 ‹l’
1511 1047 1641 1101 οὔατ’
1670 1050 1718 1100 ἓν
1736 1048 1881 1119 nielfa
1910 1057 2086 1113 κεῖται,

701 1130 842 1211 ὅμμᾶ
866 1164 913 1197 τε
937 1144 1162 1207 mhi-⁹725
1179 1180 1194 1207 ,
1223 1144 1433 1211 λἀμπρον
1461 1143 1578 1209 φάος
1602 1142 1799 1198 ‘luneio‘

709 1270 834 1319 Sum
855 1270 986 1319 Deus
1007 1304 1024 1331 ,
1051 1275 1102 1318 et
1123 1258 1234 1318 talis
1257 1266 1456 1335 qualem
1476 1252 1750 1316 describam
1774 1282 1867 1333 ego
1888 1265 2096 1335 meipse.

704 1356 822 1410 Caeli
847 1376 935 1410 arx
961 1360 1034 1409 mi
1055 1363 1207 1428 caput
1227 1364 1302 1408 est
1319 1396 1335 1420 ,
1367 1362 1589 1408 ventrem
1608 1356 1723 1407 dico
1748 1374 1881 1407 mare
1902 1374 2166 1425 magnum.

702 1452 848 1501 Terra
867 1487 882 1513 ‚
907 1449 1085 1519 peden
1112 1466 1251 1499 aures
1269 1455 1523 1519 ponuntur
1543 1448 1599 1497 in
1617 1447 1791 1498 aethcre
1812 1464 1972 1516 pnro3

699 1544 866 1609 [ange
888 1539 1196 1608 splendentes
1219 1538 1392 1590 oeulos
1414 1576 1430 1601 ,
1456 1537 1539 1589 dic
1558 1536 1785 1607 lampada
1806 1536 1954 1589 Solis.

373 1674 562 1733 Mutat
603 1670 821 1753 aliquid
851 1672 912 1728 in
941 1670 1053 1729 illis
1093 1668 1383 1729 Plutarchi
1430 1693 1448 1727 ε
1486 1682 1545 1729 et
1576 1670 1707 1750 quis
1744 1690 1860 1728 non
1902 1690 2007 1750 pro
2044 1670 2301 1753 ingenio
2338 1672 2553 1753 possit?

376 1778 613 1839 Terram
648 1778 786 1836 facit
808 1776 981 1855 pedes
1001 1822 1016 1845 ,
1051 1776 1186 1835 satis
1223 1776 1484 1857 apposite
1510 1799 1528 1833 ε
1558 1776 1705 1835 sicut
1744 1774 2101 1857 Chrysippus
2131 1776 2378 1838 Stoicus
2404 1802 2551 1838 eam-

378 1885 510 1948 dem
539 1908 555 1941 =
585 1882 890 1957 «fulcmm,
911 1883 1062 1942 utin
1083 1883 1487 1942 animali-ossa.
1502 1908 1529 1934 ι»
1557 1880 1741 1964 (Stoh.
1771 1878 1975 1964 Phys.)
1989 1880 2095 1941 Est
2119 1886 2292 1944 enim
2310 1890 2549 1946 maxime

375 2002 670 2071 compacta
703 2000 761 2047 et
793 1987 936 2048 dura
958 2031 976 2063 ,
1007 1988 1110 2048 sed
1139 2001 1198 2048 et
1223 1989 1423 2048 infimo
1456 1987 1583 2046 loco
1602 2031 1619 2061 ,
1650 1999 1716 2047 ut
1748 1986 1951 2047 Pedes.
1986 1987 2130 2047 Haec
2166 1989 2374 2051 Stoica
2400 2014 2545 2060 esse,

264 2102 272 2105 ”
375 2100 550 2158 ctiam
583 2097 676 2158 Jo.
707 2097 1097 2157 Damascenus
1130 2096 1298 2155 docet
1323 2120 1341 2153 ε
1372 2122 1400 2149 «ι
1432 2096 1639 2169 Stoici,
1672 2096 1938 2176 inquiens
1974 2092 2098 2175 (de
2131 2096 2541 2177 Heu-aibas),

259 2247 268 2259 ·
376 2205 567 2266 Deum
604 2215 861 2266 stamunt
892 2204 1147 2264 animum
1183 2202 1356 2282 hujus
1386 2202 1655 2263 Universi
1679 2247 1697 2278 ,
1736 2224 1943 2284 corpus
1978 2203 2108 2283 ejus
2154 2206 2361 2286 ipsum
2406 2208 2545 2267 Cni-

368 2333 602 2372 versum
646 2336 665 2370 =
711 2312 904 2371 oculos
949 2331 1086 2371 vero
1107 2354 1124 2385 ,
1173 2309 1363 2370 Solem
1382 2354 1399 2382 ‚
1440 2307 1662 2369 Lunam
1685 2352 1701 2382 ,
1746 2323 1913 2370 astra.
1948 2337 1978 2362 u
2024 2311 2144 2372 Sed
2186 2325 2249 2372 et
2279 2314 2541 2374 Manilius

374 2421 694 2479 stoicissans
730 2417 868 2501 (lib.
917 2415 982 2498 1)
1013 2441 1030 2476 ε

770 2603 785 2613 ,
1144 2585 1358 2604 .......
1388 2537 1696 2617 flammaeque
1720 2549 1955 2599 micantes
1970 2585 1987 2608 ,

701 2641 820 2705 Qua
843 2639 1012 2691 Mundi
1037 2639 1196 2691 fecere
1221 2641 1406 2691 oculos.

374 2776 613 2852 Oculos,
640 2775 702 2837 id
721 2786 841 2852 est,
873 2779 1084 2838 stellas.
1119 2777 1233 2840 sed
1261 2791 1325 2837 ut
1352 2777 1427 2838 ad
1452 2776 1741 2838 Laertium
1771 2777 2003 2838 redeam
2024 2822 2041 2852 ‚
2066 2802 2105 2840 a
2128 2803 2249 2862 quo
2276 2804 2379 2844 me
2406 2785 2537 2843 lesi-

373 2897 462 2944 ter
489 2883 778 2944 abduxisti
807 2907 823 2942 ε
847 2884 1025 2944 altera
1052 2885 1112 2943 in
1142 2885 1241 2943 illo
1273 2885 1451 2958 ratio,
1483 2907 1588 2944 cur
1616 2885 1844 2944 Animal
1866 2885 2125 2945 Mundus
2142 2931 2159 2960 ,
2184 2891 2347 2970 quod
2362 2901 2536 2950 mstm

371 3014 446 3052 ex
465 3013 530 3052 eo
550 2991 748 3052 anima
763 2992 982 3052 avulsa.
1008 2991 1186 3066 Quasi
1215 2991 1373 3053 dicat
1396 3015 1412 3049 ε
1438 2991 1608 3066 Quod
1633 2991 1897 3052 Animam
1926 2994 2137 3052 emittit
2152 3037 2169 3068 ,
2196 2995 2399 3075 ipsum
2420 2999 2535 3056 ani—

373 3111 590 3160 matum
617 3096 739 3158 est?
759 3097 886 3158 talis
917 3098 1193 3158 Mundus.
1228 3099 1423 3161 Verba
1452 3098 1697 3158 Zenonis
1726 3096 1861 3157 huic
1889 3101 2183 3158 sententiae
2201 3143 2218 3174 ,
2246 3103 2309 3159 in
2344 3101 2535 3184 Empi-

373 3205 491 3263 rico
527 3229 545 3263 ε
585 3232 612 3258 ιι
651 3203 820 3280 Quod
851 3205 1059 3265 emittit
1096 3225 1292 3264 semen
1346 3205 1468 3286 ejus
1508 3205 1665 3287 quod
1704 3217 1791 3264 est
1822 3206 2107 3286 particeps
2138 3208 2389 3268 rationis
2411 3253 2430 3283 ,
2458 3225 2529 3268 est

379 3314 568 3395 ipsum
588 3333 818 3395 quoque
836 3307 1072 3374 rationis
1091 3315 1382 3396 particeps
1406 3338 1421 3373 ε
1444 3312 1702 3374 Mundus
1723 3327 1913 3374 autem
1933 3315 2141 3374 emittit
2156 3315 2279 3376 tale
2298 3338 2495 3378 semen
2514 3342 2529 3373 :

375 3441 512 3500 ergo
527 3419 781 3479 Mundus
804 3421 1038 3479 rationis
1047 3421 1355 3502 particeps„
1368 3447 1396 3474 ι»
1424 3420 1623 3480 Cicero
1645 3421 1817 3480 etiam
1836 3418 1950 3479 huc
1970 3417 2141 3482 faciat
2158 3419 2280 3505 (IV
2294 3423 2523 3502 Acad.):

379 3553 405 3578 κ
442 3519 556 3598 Qui
586 3523 805 3585 Stoicus
839 3539 925 3586 est
945 3569 963 3601 ,
996 3548 1112 3586 non
1142 3529 1324 3610 magis
1356 3521 1696 3609 approbabit
1724 3548 1881 3586 nunc
1910 3527 2103 3586 lucere
2122 3572 2140 3602 ‚
2168 3551 2354 3610 quam
2386 3531 2523 3590 hunc

371 3633 660 3693 Mundum
691 3655 816 3694 esse
863 3637 1180 3718 sapientem
1197 3681 1215 3712 ,
1245 3634 1461 3696 habere
1487 3634 1747 3696 Mentem
1784 3657 1910 3717 quae
1939 3649 1996 3696 et
2023 3638 2215 3718 ipsum
2260 3638 2521 3700 fabricata

375 3731 451 3799 sit
473 3784 490 3812 ,
528 3752 585 3799 et
613 3739 806 3800 omnin
834 3740 1185 3816 moderetur,
1230 3753 1458 3803 moveat
1480 3787 1498 3818 ‚
1532 3753 1714 3826 regat.
1744 3768 1770 3794 υ
1807 3739 1986 3802 Vides
2030 3763 2207 3824 quam
2230 3744 2519 3806 affirmate

373 3841 482 3904 hoc
511 3842 729 3919 nostri?
758 3847 880 3906 Nec
928 3841 1034 3906 soli
1065 3859 1256 3909 tamen
1280 3892 1298 3922 ‚
1331 3855 1407 3908 rie
1439 3868 1613 3908 erres.
1663 3845 1878 3908 Omitto
1910 3849 2230 3909 Platonicos
2256 3895 2275 3925 ,
2306 3853 2519 3911 Arister-

373 3945 510 4010 teles
541 3953 665 4033 ipse
685 3948 813 4035 (XI
838 3945 1162 4035 Metaphys.
1191 3961 1318 4036 cap.
1356 3951 1497 4036 ro),
1522 3954 1623 4015 sed
1654 3976 1725 4014 ex
1758 3955 1943 4014 aliena
1962 3967 2153 4015 mente
2171 3999 2191 4028 ,
2218 3957 2511 4038 inquiunt,

371 4055 504 4115 alibi
542 4057 784 4120 Animal
814 4055 1092 4124 Mundum
1138 4061 1406 4143 appellat.
1460 4057 1862 4148 Trismegistus
1894 4063 2220 4145 planissime
2264 4081 2339 4124 ex
2370 4085 2467 4122 sua
2496 4089 2512 4120 ε
