2667 4475
778 232 1318 315 EPISTOLA
1364 233 1649 315 XCIV.
2202 251 2289 319 83

167 378 548 471 pecuniam3
587 374 775 443 aliud
798 426 818 459 ,
857 377 958 444 uti
992 378 1282 470 pecunia
1317 378 1549 445 scire?
1584 378 1777 469 cujus
1802 378 1989 447 avari
2018 379 2293 449 modum

167 499 466 591 ignorant
488 544 506 579 ‚
549 495 752 563 etiam
783 517 922 563 non
955 495 1142 563 avari
1170 518 1367 563 usum
1393 499 1590 562 ¹.—«
1610 496 1845 581 Tolle,
1874 498 2101 589 inquit
2120 548 2143 583 ‚
2184 523 2301 567 er-

171 637 378 698 rorest,
437 634 859 705 supervacua
911 625 1256 703 praecepta
1306 625 1485 679 eunt.
1521 637 1555 674 n
1614 612 1891 681 Falsum
1940 610 2077 685 est!
2136 631 2302 709 puta

171 731 330 797 enim
358 728 712 797 avaritiam
735 728 1097 795 relaxatam
1123 756 1142 814 3
1175 742 1341 821 puta
1357 725 1745 797 adstrictam
1769 752 1913 797 esse
1932 729 2295 817 luxuriam,

169 846 514 913 temeritati
575 845 822 913 fraenos
883 845 1168 937 injectos
1203 894 1222 930 ,
1283 845 1572 939 ignaviae
1618 843 1968 913 subditum
2020 846 2297 917 calcar:

170 962 350 1029 etiam
398 962 677 1029 remotis
720 961 951 1042 vitiis,
1005 958 1218 1051 quid,
1273 977 1343 1027 et
1392 958 1999 1052 quemadmodum,
2048 960 2305 1032 debea-

173 1100 300 1145 mus
325 1078 588 1161 facere,
623 1074 1022 1146 discendum
1051 1092 1154 1145 est
1175 1081 1347 1145 ².—
1376 1102 1411 1141 ι(
1442 1076 1672 1161 Nihil,
1704 1077 1966 1169 inquit,
2000 1077 2307 1147 efficient

171 1196 590 1277 monitione8‚
637 1194 922 1263 admotae
955 1194 1280 1287 gravibus
1313 1193 1585 1261 vitiis.»
1628 1197 1733 1263 Ne
1768 1194 2106 1264 medicina
2140 1199 2305 1289 qui-

172 1309 306 1378 dem
341 1310 612 1379 morbos
645 1308 1062 1379 insanabiles
1087 1311 1347 1396 vincit3
1394 1325 1617 1379 tamen
1650 1309 2019 1387 adhibetur
2050 1313 2205 1381 aliis
2232 1314 2307 1381 in

171 1425 528 1493 remedium
549 1475 570 1503 ‚
598 1424 751 1492 aliis
773 1425 846 1493 in
865 1424 1345 1493 levamentum.
1376 1426 1478 1491 Ne
1506 1425 1654 1517 ipsa.
1673 1423 1951 1516 quidem
1972 1426 2308 1495 universae

173 1521 604 1634 philosophice
659 1542 804 1625 vie,
864 1540 1028 1609 licet
1075 1555 1215 1609 tota
1265 1542 1339 1607 in
1386 1538 1519 1609 hoc
1558 1543 1741 1610 vires
1790 1566 1945 1609 suas
1985 1541 2301 1632 advocet,

173 1652 392 1721 duram
419 1655 570 1747 jam
617 1669 686 1721 et
726 1670 1029 1723 veterem
1069 1652 1312 1721 animis
1348 1652 1656 1721 extrahet
1697 1670 1993 1747 pestem3
2028 1654 2149 1725 sed
2174 1681 2312 1725 non

174 1768 310 1837 ideo
355 1771 534 1839 nihil
581 1788 774 1839 sanat
800 1820 819 1853 ,
873 1772 1038 1863 quia
1083 1794 1224 1837 non
1267 1772 1519 1839 omnia.
1550 1810 1652 1823 -—
1689 1798 1719 1834 α
1752 1772 1947 1864 Quid
1992 1773 2309 1866 prodest,

175 1885 420 1979 inquit,
475 1896 713 1981 aperta
759 1889 1236 1956 monstrarei'»
1287 1885 1705 1957 Plurimum!
1750 1889 2094 1958 interdum
2132 1894 2312 1961 enim

174 2004 434 2089 scimus,
477 2028 610 2073 nec
643 2005 1080 2073 attendimus.
1123 2006 1279 2071 Non
1315 2003 1514 2073 docet
1555 2003 1970 2089 admoniti0,
2018 2008 2140 2077 sed
2185 2008 2314 2077 ad-

175 2122 392 2208 vertit,
431 2120 556 2190 sed
589 2123 874 2207 excitat,
911 2120 1033 2189 sed
1061 2122 1457 2189 memoriam
1492 2124 1835 2205 continet,
1885 2147 2013 2193 nec
2055 2126 2311 2216 patitur

175 2235 360 2307 elabi.
393 2241 736 2331 Pleraque
765 2254 922 2308 ante
950 2239 1178 2308 oculos
1209 2243 1433 2332 posita
1467 2242 1869 2324 transimus}
1903 2241 2307 2322 admonere,

175 2379 373 2447 genus
393 2355 808 2426 adhortandi
838 2372 962 2425 est.
987 2359 1180 2449 Saepe
1209 2357 1476 2424 animus
1507 2357 1707 2424 etiam
1730 2373 1967 2449 aperta
1996 2357 2317 2426 dissimu-

177 2471 296 2562 lat3
331 2475 713 2568 ingerenda
736 2490 840 2541 est
862 2475 1090 2565 itaque
1123 2472 1224 2540 illi
1247 2471 1491 2538 notitia
1524 2495 1755 2539 rerum
1778 2473 2305 2542 notissimarum.

175 2588 283 2658 Illa
307 2592 438 2660 hoc
473 2591 628 2659 loco
655 2591 728 2658 in
755 2584 1150 2658 Vatinium³
1181 2588 1372 2657 Calvi
1403 2587 1771 2681 repetenda
1801 2591 2135 2658 sententia
2164 2607 2267 2681 est
2293 2621 2307 2659 ε

184 2732 212 2768 ιε
233 2707 512 2794 Factum
539 2731 686 2776 ease
709 2707 1036 2774 ambitum
1066 2756 1089 2791 ,
1129 2706 1359 2791 sciti53
1388 2719 1489 2788 et,
1529 2703 1661 2772 hoc
1684 2731 1803 2776 vos
1830 2708 2005 2774 scire
2028 2759 2044 2792 ,
2080 2732 2315 2777 omnes

177 2824 408 2893 sciunt.
443 2851 478 2889 n
535 2825 727 2907 Scis,
767 2823 1100 2890 amicitias
1139 2836 1371 2890 sancte
1406 2819 1727 2889 colendas
1773 2846 1957 2908 esae3
2014 2822 2136 2892 sed
2175 2847 2313 2893 non

177 2936 326 3008 facis
362 2967 377 3007 ε
411 2941 580 3024 scis,
613 2933 996 3032 improbum
1029 2961 1176 3006 esse
1212 2939 1332 3030 qui
1371 2935 1459 3005 ab
1498 2961 1706 3005 uxore
1733 2937 2135 3031 pudicitiam
2174 2942 2315 3008 exi-

179 3053 300 3143 git,
346 3055 496 3147 ipse
535 3052 914 3120 alienarum
951 3067 1314 3144 corruptor
1358 3075 1645 3122 uxorum
1680 3077 1694 3116 :
1731 3052 1898 3135 scis,
1943 3068 2022 3120 ut
2064 3053 2169 3120 illi
2214 3055 2311 3122 nil

175 3189 320 3244 cum
363 3166 721 3251 adultero,
746 3167 863 3236 „sic
910 3165 1036 3233 tibi
1090 3165 1190 3234 nil
1236 3187 1383 3234 esee
1424 3163 1676 3232 debere
1722 3189 1873 3234 cum
1919 3165 2205 3257 pellice3
2246 3183 2314 3236 et

177 3307 304 3353 non
332 3285 522 3354 facie.
561 3286 800 3376 Itaque
829 3283 1124 3352 subinde
1159 3280 1591 3352 reducendus
1624 3305 1699 3350 es
1738 3279 1827 3350 ad
1864 3287 2255 3354 memoriam
2292 3312 2307 3351 :

176 3479 283 3532 edd.
310 3483 557 3534 Consedit
571 3479 844 3544 malebam,
866 3481 1190 3534 autconsede-
1289 3477 1445 3542 dum,
1484 3477 1569 3530 bic
1594 3497 1781 3550 pauper
1816 3478 2010 3531 malum
2042 3500 2205 3532 usum.
2238 3481 2313 3534 R.

177 3561 252 3609 rit.
280 3559 583 3612 Considera
602 3558 753 3611 habet
777 3560 855 3611 ed.
883 3559 953 3610 R.
975 3579 1065 3630 pro
1090 3577 1190 3629 quo
1360 3577 1407 3608 2.
1446 3555 1772 3608 Discendum
1809 3567 1900 3608 est.
1949 3555 2132 3612 Carere
2176 3558 2317 3612 enim

177 3636 340 3689 nescio
357 3657 423 3690 an
449 3637 732 3690 considere't
754 3637 874 3689 dare
898 3636 1144 3704 debuerit,
1163 3656 1193 3688 a
1288 3635 1425 3688 vitiis
1440 3673 1455 3700 ‚
1478 3655 1535 3688 ea
1565 3635 1855 3688 innocentia
1885 3649 1958 3688 est
1980 3654 1993 3690 t
2015 3648 2063 3690 at
2083 3637 2321 3712 philoso-

179 3713 326 3768 verbo
355 3715 607 3768 Consido.
621 3713 782 3768 Schw.
1207 3713 1217 3730 ⁴
1289 3713 1412 3788 phia
1426 3713 1707 3766 nonsolum
1720 3713 2153 3782 innocentem,sed
2167 3718 2319 3770 etiam

243 3815 282 3844 1.
324 3793 483 3866 Quid
523 3795 677 3864 quod.
693 3831 706 3844 .
725 3831 762 3846 ..
789 3811 962 3846 usum.
993 3791 1198 3844 Resutat
1291 3793 1479 3846 virtute
1505 3791 1776 3864 praeditum
1802 3789 2001 3846 efficere
2023 3795 2199 3848 tendit.
2221 3795 2323 3846 Er·-

179 3869 349 3925 Noster
373 3871 805 3945 comparationem
827 3871 1096 3924 Aristonis.
1111 3871 1204 3924 Vi-
1303 3891 1371 3944 go
1395 3890 1488 3922 uos
1515 3871 1696 3923 docere
1716 3869 1864 3924 debet
1890 3873 2149 3943 quomodo
2164 3873 2321 3926 virtus

182 3948 268 4014 tia,
291 3950 478 4020 quibus
508 3961 718 4020 uterque
749 3947 974 4014 laborat,
1008 3969 1114 4000 non
1148 3971 1205 4004 ex
1303 3949 1581 4002 exercenda
1601 3947 1681 4000 sit.

181 4027 348 4082 eodem
367 4027 1206 4101 fonte'manaut:illeignoratmo·
1374 4031 1420 4081 3.
1455 4030 1741 4081 Vatinium
1763 4069 1777 4096 ,
1820 4049 1971 4098 quem
2010 4028 2065 4081 in
2110 4029 2323 4103 gratiam

2362 2044 2425 2099 25

2361 2973 2422 3026 26
