2667 4475
872 309 1438 383 EPISTOLAE.
2080 309 2212 407 473

94 434 239 496 Jam
273 434 581 498 videamus
616 456 743 517 φη
784 433 860 496 sit
890 433 995 496 illa
1026 435 1324 499 mirabilis
1369 433 1660 499 sententia
1678 479 1695 513 ,
1730 453 1857 517 qua
1889 437 2219 500 commovit

100 537 535 626 Hieronymum
552 587 571 618 ,
597 553 663 601 ut
688 538 983 604 Senecam
1002 540 1297 604 insereret
1316 541 1589 625 catalogo
1603 553 1946 604 sanctorum
1962 585 1980 618 ,
2005 539 2068 601 in
2095 561 2214 623 quo

97 657 291 708 tamen
308 659 859 710 commemorantur
882 660 942 709 et
963 645 1013 707 J
1014 646 1167 708 udaei
1180 690 1197 723 ‚
1223 658 1281 708 et
1300 645 1563 708 haeretici
1590 644 1670 707 ab
1691 644 1954 708 ecclesiae
1973 647 2219 708 consor-

96 750 178 811 tio
193 751 457 836 digressi.
478 751 547 813 In
569 751 820 835 epistola
839 773 966 833 quae
982 752 1262 838 praecedit
1278 751 1674 836 penultimam
1693 749 1878 832 (ΧΠ)
1890 750 1973 812 ita
1991 751 2218 829 scribit,

102 881 131 908 «
151 853 311 918 Nam
325 858 429 939 qui
449 869 584 918 tuus
608 869 695 918 est
714 858 873 940 apud
889 870 1021 918 tuos
1042 855 1233 934 locus,
1250 856 1434 919 velim
1451 869 1516 918 ut
1531 853 1608 920 sit
1624 859 1782 941 apud
1797 875 1966 920 meos
1987 877 2217 920 meus.»

98 957 241 1023 Haec
272 961 687 1049 Hieronymus
711 963 923 1025 tribuit
948 960 1193 1035 Senecae
1230 964 1538 1026 modestia
1562 989 1579 1036 ς
1607 964 1774 1044 atqui
1807 959 2032 1024 Paulus
2063 963 2224 1046 apud

93 1064 477 1132 Christianos
512 1083 646 1131 erat
678 1089 919 1132 summo
949 1070 1012 1130 in
1040 1069 1237 1152 pretio
1262 1115 1281 1143 ‚
1316 1081 1382 1132 ut
1408 1083 1552 1152 pote
1575 1068 1912 1154 apostolus,
1945 1069 2048 1150 qui
2086 1067 2224 1152 plus

92 1176 373 1240 ominibus
414 1176 733 1238 laboravit.
760 1175 862 1238 An
894 1175 1125 1248 Seneca
1156 1190 1323 1260 optat
1356 1177 1496 1239 talis
1528 1197 1658 1240 esse
1689 1178 1850 1259 apud
1884 1197 2022 1238 suos
2045 1221 2064 1248 ,
2103 1175 2226 1238 boc

92 1294 214 1356 est,
242 1282 519 1346 ethnicos
540 1282 565 1343 ?
586 1303 797 1348 verum
820 1282 937 1347 hoc
964 1283 1068 1365 qui
1096 1283 1263 1348 finxit
1287 1325 1309 1358 ,
1336 1281 1606 1346 fortassis
1634 1283 1752 1346 huc
1777 1283 1993 1350 alludit
2013 1327 2032 1360 ,
2063 1283 2226 1362 quod

92 1385 337 1452 Tacitus
368 1388 585 1468 refert,
622 1389 793 1450 illum
825 1389 1047 1452 invidia
1084 1389 1531 1470 multorumque
1565 1389 2076 1452 criminationibus
2100 1390 2226 1471 jam

93 1510 406 1578 gravatum
436 1541 456 1574 ,
494 1495 687 1580 egisse
731 1516 872 1558 cum
904 1494 1189 1572 Nerone,
1231 1510 1299 1558 ut
1330 1517 1480 1582 opes
1512 1517 1585 1558 ac
1626 1495 1975 1584 dignitatem
2014 1494 2228 1556 liceret

92 1599 203 1682 ipsi
234 1601 549 1684 resignare
582 1602 683 1684 qui
712 1602 979 1664 dederat.
1008 1600 1131 1664 Sed
1155 1603 1299 1684 quid
1323 1602 1509 1664 refert
1529 1621 1782 1684 magnus
1802 1622 1880 1664 ne
1910 1601 1987 1664 sit
2011 1621 2088 1661 an
2117 1599 2229 1662 hu·

94 1705 251 1768 milis
273 1753 291 1784 ,
328 1708 511 1769 modo
557 1707 635 1768 sit
669 1710 827 1791 apud
866 1707 1215 1771 idololatras
1246 1732 1261 1769 ι
1295 1721 1506 1792 optare
1534 1708 1733 1792 potius
1764 1707 1998 1784 debuit,
2025 1720 2089 1767 ut
2111 1705 2230 1768 sibi

92 1808 299 1874 liceret
336 1813 433 1874 vel
473 1813 631 1875 inter
657 1814 918 1876 humiles
957 1812 1132 1876 Pauli
1174 1812 1497 1898 discipulos
1531 1813 1864 1876 numerari.
1904 1809 2078 1876 Talis
2108 1831 2226 1873 vox

90 1930 328 2000 poterat
376 1917 548 1979 illum
592 1921 1013 1982 commendare
1044 1917 1406 1982 Christianis
1441 1917 1772 1980 affectibus.
1810 1915 2131 1996 Postremo
2177 1917 2253 1982 si,

95 2043 306 2083 verum
346 2037 435 2085 est
470 2025 631 2105 quod
659 2024 753 2086 hae
782 2023 1011 2110 fingunt
1038 2024 1304 2109 epistolae
1332 2070 1351 2098 ,
1382 2025 1515 2106 quis
1555 2045 1818 2107 unquam
1851 2019 2228 2087 Christianus

96 2127 209 2190 sibi
236 2129 351 2190 ruit
376 2130 653 2213 supplicii
678 2130 995 2192 minister?
1012 2127 1171 2210 Quis
1198 2129 1259 2190 in
1286 2149 1478 2191 uxore
1506 2150 1614 2191 sua
1646 2127 1956 2212 probavit,
1987 2141 2056 2190 ut
2074 2129 2230 2190 citra

92 2238 509 2310 necessitatem
532 2237 646 2299 sibi
671 2252 931 2299 mortem
960 2237 1373 2301 conscisceret.
1408 2231 1530 2297 Sed
1561 2235 1626 2295 in
1651 2233 1939 2296 balneum
1967 2233 2227 2297 calidum

90 2340 291 2409 illatus
318 2364 503 2423 quum
540 2344 665 2424 jam
690 2342 977 2404 deficeret
995 2386 1014 2417 ,
1048 2340 1265 2425 sparsit
1290 2360 1512 2423 aquam
1539 2339 1822 2423 sanguine
1841 2340 2096 2413 mixtam
2125 2384 2143 2411 ‚
2167 2352 2229 2401 et

92 2445 472 2511 Socraticum
494 2448 773 2529 quiddam
791 2446 1059 2509 reserens
1081 2447 1259 2507 dixit:
1292 2472 1319 2498 «ι
1342 2442 1482 2507 Hoc
1504 2444 1631 2506 libo
1651 2443 1701 2505 J
1702 2444 1800 2506 ovi
1819 2444 2130 2507 liberatori
2148 2472 2178 2499 ι»
2203 2490 2224 2520 ,

90 2576 203 2636 per
222 2552 275 2614 J
276 2573 473 2627 ovem,
498 2566 561 2615 ut
587 2554 773 2630 aiunt,
804 2552 1217 2623 liberatorem.
1238 2571 1452 2612 verum
1473 2552 1655 2613 deum
1671 2550 2029 2633 intelligens.
2052 2550 2226 2614 Adeo

92 2683 169 2722 ne
188 2661 458 2723 moriens
476 2662 716 2746 quidem
734 2681 913 2723 ausus
934 2672 1024 2721 est
1039 2658 1356 2719 nominare
1380 2656 1689 2721 Christum
1706 2670 1747 2717 ¹.
1768 2655 1891 2719 Sed
1912 2678 2024 2741 ego
2046 2658 2226 2719 nimis
2301 2636 2312 2650 ⁸

90 2766 286 2833 multa
320 2767 393 2828 de
426 2788 493 2828 re
522 2764 713 2827 nihili.
798 2830 806 2838 ,

156 3015 175 3044 ¹
202 3010 452 3065 Addenda
476 3024 594 3064 sunt
616 3030 729 3082 quo
746 3048 760 3076 ,
792 3010 848 3063 in
868 3030 1011 3084 supra
1033 3009 1231 3063 laudata
1254 3010 1506 3085 Epistola,
1525 3005 1662 3063 idem
1686 3010 1924 3064 Erasmus
1945 3008 2140 3085 scripsit
2161 3012 2223 3065 de

88 3096 281 3151 eodem
306 3116 359 3148 re
400 3113 460 3149 :a
492 3094 597 3149 mis
630 3114 737 3149 non
770 3092 1044 3159 assentior,
1070 3094 1159 3165 qui
1190 3106 1382 3148 certant
1407 3096 1654 3149 Senecam
1679 3096 1846 3147 facere
1879 3094 2224 3151 Christianum

88 3178 384 3233 Nicodflmo
430 3178 645 3241 similem
666 3216 683 3244 ,
717 3177 809 3249 qui
844 3196 1001 3247 quum
1032 3176 1237 3231 nullutn
1270 3176 1492 3234 babeant
1535 3190 1892 3251 argumentum
1932 3177 2188 3250 probabile
2210 3212 2232 3244 2

88 3276 275 3336 preter
292 3262 549 3339 epistolas,
579 3282 704 3335 quas
738 3274 846 3335 post
871 3260 1160 3317 docebimus
1195 3282 1225 3313 a
1258 3260 1482 3315 studioso
1517 3260 1754 3333 quopiam
1779 3261 1928 3313 fuisse
1949 3259 2187 3317 confictas
2206 3299 2223 3331 ,

84 3349 298 3401 nullum
319 3368 520 3423 prorsus
538 3348 729 3404 habent
752 3358 1105 3419 argumentum
1121 3386 1137 3411 ,
1157 3344 1257 3399 nini
1293 3344 1432 3420 quod
1459 3343 1552 3397 sub
1583 3342 1764 3398 eodem
1786 3344 1981 3399 Caesare
1999 3344 2227 3401 vixerunt

86 3437 294 3488 Roma.
314 3434 415 3487 Sed
448 3432 699 3507 fingamus
722 3434 968 3486 Senecam
992 3469 1007 3498 ,
1026 3450 1129 3503 quo
1152 3448 1257 3483 non
1278 3426 1408 3483 alius
1429 3429 1492 3483 de
1517 3430 1886 3483 contemnenda
1915 3444 2075 3485 morte
2095 3434 2230 3487 seri-

82 3514 193 3589 psit
213 3532 441 3586 unquam
460 3554 477 3579 ‚
499 3515 580 3569 vel
602 3515 780 3589 sapius
803 3514 887 3566 vel
904 3514 1083 3569 fortius
1096 3552 1112 3580 ‚
1131 3514 1257 3567 adeo
1280 3512 1432 3565 fuisse
1457 3510 1836 3577 meticulosum,
1855 3524 1912 3567 ut
1933 3532 1998 3565 ne
2014 3512 2073 3565 in
2090 3516 2228 3573 scri-

88 3598 192 3669 ptis
213 3598 417 3667 quidem
437 3611 652 3652 extrema
670 3612 868 3651 senecta
890 3598 1095 3669 proditis
1112 3616 1327 3668 usquam
1348 3595 1672 3649 subindicarit
1691 3616 1832 3650 suam
1847 3597 2226 3668 professionum

86 3694 198 3733 tam
222 3694 423 3735 cautum
440 3722 456 3749 ,
476 3694 533 3735 ut
553 3681 681 3735 nihil
704 3682 980 3735 suboluerit
1005 3682 1225 3744 Neroni,
1250 3681 1339 3752 qui
1362 3699 1522 3751 quum
1541 3680 1687 3733 illum
1707 3680 2000 3734 decrevisset
2014 3704 2041 3735 e
2059 3683 2225 3737 medio

84 3765 274 3817 tollere
290 3804 309 3831 ,
332 3778 377 3818 et
397 3784 571 3821 eamn
584 3764 953 3821 commentitias
975 3776 1291 3835 pateant,
1316 3762 1682 3819 Christianismi
1709 3762 1900 3817 crimen
1936 3785 2042 3820 nou
2073 3767 2228 3841 obje-

87 3847 194 3910 cit;
214 3849 347 3901 illud
366 3868 467 3920 qun
487 3851 652 3904 colore
665 3849 995 3903 defendemus
1008 3886 1025 3915 ,
1043 3848 1182 3919 quod
1208 3847 1263 3904 in
1292 3848 1524 3903 extremis
1550 3848 1739 3921 scriptis
1760 3847 1970 3903 subinde
2001 3849 2226 3919 loquitu:

86 3930 221 3981 deos
244 3942 293 3981 et
312 3930 463 3997 deas,
488 3930 701 3983 subinde
726 3929 919 3983 dubitat
934 3964 951 3994 ,
973 3948 1099 3983 nun
1118 3928 1243 3997 quid
1263 3928 1484 3983 bominis
1503 3928 1714 4001 supersit
1738 3950 1768 3981 a
1789 3928 1970 3985 sunere
1991 3928 2016 3981 ἲ
2042 3932 2111 3983 Ut
2125 3930 2227 3985 lar·

85 4008 300 4079 giamur
312 4028 415 4062 esse
430 4008 505 4063 fas
521 4022 662 4065 metu
679 4009 852 4067 mortis
870 4008 1183 4067 dissimulare
1200 4008 1538 4064 Christianum
1550 4046 1566 4071 ,
1583 4008 1734 4081 impia
1743 4022 1876 4063 certe
1897 4009 2224 4071 dissimulatio
