2667 4475
847 82 996 137 &0-

369 326 500 391 612
1097 312 1408 385 JUSTI
1458 312 1785 382 LIPSII

367 468 514 549 perii
551 466 748 549 signis.
795 458 872 521 Et
915 472 1085 543 auget
1113 457 1548 518 admirationem
1568 499 1586 529 ,
1620 455 1778 537 quod
1810 455 1971 515 nulla
2022 458 2091 515 in
2142 460 2223 517 iis
2266 460 2438 517 loeis
2470 464 2585 517 avis

369 576 564 654 biceps
583 616 599 644 ‚
624 592 796 653 quam
826 568 1119 650 potuerint
1139 564 1499 625 adumbrare.
1526 562 1653 621 Non
1676 563 1981 638 dissimile,
2005 564 2183 645 quod
2216 566 2579 626 Ammianus

369 690 528 739 notat
555 674 695 758 (lib.
739 674 838 758 17)
869 675 930 732 in
965 673 1226 732 obeliscis
1265 668 1661 754 AEgyptiorum
1708 696 1736 723 οι
1762 672 1986 751 sculpta
2028 674 2367 752 conspici,
2404 674 2575 731 volu-

369 808 529 845 crum
551 783 946 863 ferarumque,
977 780 1146 840 etiam
1177 778 1349 837 alieni
1376 775 1577 835 mundi
1602 820 1619 851 ,
1654 798 1863 858 genera
1886 778 2096 837 multa.
2126 804 2159 830 ιι
2192 778 2429 861 Ignota
2458 781 2567 859 ipsa

369 902 428 950 et
455 902 648 949 nostro
674 887 808 946 huic
839 886 963 944 orbi
995 885 1198 945 invisa.
1235 883 1371 942 Fuit
1394 882 1569 964 igitur
1592 884 1709 962 jam
1736 882 1872 941 olim
1902 884 2010 941 ista
2034 904 2184 964 pars
2216 884 2451 943 mundi
2468 930 2487 950 ,
2516 898 2563 942 et

369 996 658 1055 auditione
689 1004 918 1072 accepta
945 1034 962 1063 ‚
999 1004 1056 1049 et
1085 990 1513 1049 ratiocinatione
1543 989 1789 1048 stabilita
1806 1032 1823 1061 ‚
1862 990 1967 1046 etsi
1998 988 2399 1069 inspectione
2446 990 2559 1049 soc-

371 1115 520 1161 tasse
547 1122 661 1159 non
692 1108 984 1179 usurpata.
1013 1096 1141 1155 Non
1165 1093 1401 1175 quidem
1430 1094 1503 1152 ab
1530 1092 1821 1175 Europaeis
1855 1117 1873 1152 ι
1904 1094 1979 1154 de
2008 1094 2175 1155 Afris
2204 1099 2481 1180 ambigo,
2510 1117 2557 1157 et

371 1220 620 1267 extrema
660 1226 722 1264 ea
765 1204 923 1286 regio
953 1201 1065 1261 huc
1099 1198 1300 1259 tendit.
1339 1200 1489 1261 Aul).
1518 1199 1607 1265 ,At
1639 1200 1792 1258 enim
1824 1200 2019 1260 dixisti
2072 1224 2151 1261 ex
2204 1204 2551 1263 Ammiano.

371 1314 448 1373 de
483 1340 511 1367 κ
535 1310 860 1373 volucribus
893 1320 950 1367 et
979 1306 1114 1365 feris
1145 1307 1319 1365 alieni
1348 1305 1551 1365 mundi
1578 1329 1595 1363 ε
1630 1332 1659 1358 n
1690 1328 1815 1387 quoe
1850 1328 1985 1367 vere
2016 1307 2263 1369 diversa
2298 1334 2337 1369 a
2370 1324 2553 1370 nostru

371 1432 538 1493 sunt,
573 1430 632 1479 et
657 1418 757 1475 vix
789 1436 969 1475 unum
1001 1411 1234 1494 aliquod
1265 1412 1527 1493 undique
1554 1411 1882 1493 respondet.
1928 1412 2091 1487 Quid
2134 1415 2331 1497 ergo?
2366 1439 2551 1475 nonne

371 1527 464 1586 vel
490 1526 604 1584 boc
635 1532 1032 1605 argumentum
1065 1531 1151 1578 est
1179 1519 1421 1598 alicujus
1444 1518 1657 1577 diversi
1684 1517 1885 1578 mundi
1916 1540 2055 1578 vere
2087 1524 2235 1579 novi
2266 1536 2331 1582 et
2358 1538 2545 1604 postea

366 1632 532 1692 nati?
559 1630 720 1689 Lina.
756 1630 884 1688 Non
919 1639 1184 1697 autumo,
1207 1646 1397 1707 neque
1428 1647 1596 1685 sacrae
1625 1626 1825 1685 litterae
1856 1625 2205 1709 indulgeant
2234 1630 2507 1689 dubitare
2526 1676 2539 1696 ,

371 1752 470 1799 aut
509 1737 821 1818 disputare.
867 1734 1058 1794 Semel
1098 1733 1311 1792 creavit
1342 1733 1500 1791 Deus
1532 1746 1590 1792 et
1617 1733 1889 1813 produxit
1926 1745 2143 1793 terram
2162 1780 2183 1808 ‚
2236 1739 2506 1796 animalia
2520 1782 2535 1806 ,

371 1858 430 1903 et
466 1841 750 1922 quidquid
790 1842 849 1899 in
893 1860 958 1899 ea
989 1837 1169 1899 vides.
1204 1838 1493 1898 Mixtione
1517 1852 1756 1920 possunt
1786 1840 1987 1921 aliqum
2019 1840 2295 1922 dispares
2326 1846 2537 1924 speeies

372 1967 646 2030 surgere,
682 1946 854 2027 plane
885 1966 1044 2005 novae
1075 1966 1192 2004 non
1219 1958 1481 2025 possunt.
1524 1944 1697 2005 Unde
1738 1966 1873 2029 ergo
1912 1947 2031 2006 illic
2076 1970 2146 2007 ea
2192 1948 2535 2010 diversitas

370 2057 519 2127 Dic,
549 2053 754 2113 unde
738 2075 798 2111 ιιι
829 2048 1059 2111 Africa.
1044 2050 1069 2096 7
1101 2050 1305 2110 unde
1288 2074 1349 2109 m
1381 2050 1584 2110 ultima
1623 2050 1797 2110 Asia?
1829 2074 2017 2133 neque
2045 2054 2291 2129 leoneS,
2334 2059 2528 2147 tigres

377 2161 706 2243 elephantes
735 2157 969 2241 Europa
997 2158 1103 2217 ista
1137 2158 1354 2241 gignit,
1386 2170 1483 2217 aut
1520 2157 1693 2250 vulgo
1723 2158 1843 2217 alit.
1883 2158 2106 2242 Cuique
2136 2162 2409 2244 regioni,
2440 2184 2530 2244 pro

374 2268 508 2327 eaelo
537 2279 710 2348 atque
731 2267 904 2325 etiam
926 2264 1046 2324 solo
1075 2276 1134 2324 et
1163 2263 1437 2345 peculiari
1469 2262 1690 2338 indole,
1721 2287 1823 2324 sua
1848 2266 2110 2347 quaedam
2135 2269 2349 2327 Deus'
2324 2291 2445 2349 Jam
2462 2271 2525 2328 ab

373 2376 538 2436 initio
578 2374 738 2435 dedit
781 2385 841 2433 et
881 2372 1205 2455 assignavit.
1243 2372 1432 2452 Major
1460 2373 1569 2432 alia
1600 2372 1911 2444 dubitatim
1942 2373 2156 2434 unde'
2140 2399 2203 2434 in
2250 2375 2377 2436 lite
2418 2380 2521 2436 loca

375 2483 458 2540 sic
485 2480 682 2542 dissita
698 2523 716 2552 ‚
747 2491 878 2561 post
907 2478 1186 2538 diluvium
1209 2491 1266 2537 et
1295 2500 1485 2538 arcam
1508 2480 1663 2539 illam
1684 2473 1896 2539 Noachi
1922 2525 1938 2553 ‚
1970 2482 2061 2540 vel
2087 2484 2365 2542 animalia
2391 2528 2410 2553 ‚
2444 2486 2519 2542 vel

379 2589 488 2667 ipsi
517 2585 778 2646 homines
805 2583 1178 2646 advenerint?
1203 2585 1262 2644 si
1292 2598 1443 2646 terra
1474 2585 1661 2656 dices;
1694 2586 1860 2647 facile
1882 2587 1943 2646 id
1969 2587 2205 2669 quidem
2230 2613 2249 2647 ε
2284 2591 2389 2650 sed
2410 2593 2519 2672 plc-

380 2695 546 2772 rique
572 2703 776 2772 putant
792 2688 1006 2773 (neque
1027 2713 1120 2750 res
1147 2690 1334 2750 adhuc
1354 2691 1519 2752 aliter
1550 2692 1765 2775 docuit)
1786 2695 1979 2755 orbem
2002 2695 2163 2755 illum
2185 2719 2320 2756 cum
2340 2713 2517 2758 nostro

381 2817 664 2876 nusquam
691 2795 767 2854 ad
793 2795 1236 2877 Septemtriones
1257 2797 1442 2878 jungi.
1470 2795 1739 2879 Superest
1758 2810 1824 2856 ut
1850 2800 2014 2858 mari.
2057 2799 2137 2858 At
2166 2823 2339 2882 quam
2374 2819 2513 2862 vasta

381 2927 450 2966 ea
472 2903 758 2985 navigatio
788 2901 910 2961 est?
934 2915 992 2962 et
1009 2903 1138 2983 quis
1165 2903 1302 2961 olim
1330 2905 1595 2979 tentarit,
1628 2917 1725 2964 aut
1754 2904 2088 2986 perfecerit,
2119 2929 2233 2967 usu
2252 2915 2513 2993 magnetis

381 3008 640 3070 nondum
667 3005 935 3089 reperto?
966 3009 1094 3089 quis
1127 3011 1300 3068 etiam
1329 3011 1596 3070 animalia
1618 3011 1711 3070 illa
1728 3055 1745 3084 ,
1778 3023 1833 3070 et
1858 3012 2090 3092 quidem
2110 3017 2289 3074 noxia
2314 3019 2506 3080 multa.

385 3113 787 3177 transvexerit?
803 3112 884 3174 Ea
902 3113 1281 3174 consideratio
1299 3116 1559 3187 inclinat,
1578 3117 1753 3176 immo
1765 3120 2068 3199 pervincit,
2088 3142 2223 3181 vere
2236 3121 2505 3185 Platonem

385 3221 460 3282 de
479 3221 770 3282 Atlantide
791 3223 886 3282 illa
909 3222 1200 3301 scripsisse
1216 3243 1233 3278 ε
1253 3233 1309 3281 et
1331 3223 1629 3283 finitimam
1647 3221 1887 3306 Europae
1905 3238 2076 3307 atque
2096 3227 2299 3289 Africa
2318 3231 2501 3300 fuisse.

388 3341 446 3388 et
474 3324 698 3386 facilem
733 3328 794 3386 in
821 3348 946 3386 eam
975 3339 1411 3408 transgressum.
1442 3328 1677 3388 Divulsa
1714 3343 1945 3410 postea,
1978 3345 2077 3392 aut
2103 3355 2289 3394 mersa
2320 3353 2397 3397 est
2420 3364 2435 3397 ε
2456 3354 2499 3398 ει

391 3447 584 3494 tamen
602 3433 864 3494 homines
881 3434 962 3494 ibi
985 3477 1003 3508 ,
1021 3444 1136 3518 aut
1161 3435 1425 3494 animalia
1450 3436 1669 3516 reliqua
1687 3481 1703 3509 ‚
1737 3458 1867 3517 quae
1892 3439 2030 3499 olim
2059 3441 2133 3499 ab
2178 3463 2247 3501 ea
2282 3447 2497 3524 conjun-

397 3542 584 3600 ctione
627 3539 801 3600 illatn.
835 3538 928 3598 Sic
959 3561 1198 3612 censeo,
1229 3555 1286 3600 et
1315 3542 1387 3601 ad
1418 3543 1648 3623 proprie
1680 3541 1931 3604 Zenonia
1956 3550 2163 3608 iterum
2189 3570 2375 3634 pergo.
