2667 4475
813 300 1345 373 EPJSTOLA
1395 306 1601 373 κει.
2192 318 2279 410 49

145 428 284 495 Sint
311 430 576 496 utinam
611 426 974 512 diuturna,
1017 446 1088 498 et
1133 432 1531 504 melioribus
1574 440 1898 532 auspiciis
1940 444 2015 511 in
2060 468 2275 515 aevum
2338 454 2399 519 ¹4

145 544 400 639 longius
437 536 748 615 condita!
783 549 956 615 Nam
988 547 1153 616 huic
1179 549 1463 621 coloniae
1489 552 1578 621 ab
1605 556 1875 649 origine
1898 582 2017 628 sua
2050 580 2280 632 cente-

147 661 336 728 simus
381 684 605 729 annus
653 676 796 744 est,
849 676 1009 729 aetas
1062 686 1152 729 ne
1201 663 1465 734 homini
1520 669 1795 761 quidem
1840 690 2163 745 extrema.
2218 679 2278 747 A

143 774 374 845 Planco
399 780 417 811 ¹
458 776 752 847 deducta
775 828 792 860 ‚
833 779 908 845 in
943 778 1123 847 hanc
1157 780 1652 873 frequentiam,
1696 784 1828 855 loci
1868 796 2277 884 opportuni-

147 908 302 977 tate,
335 893 722 977 convalui13
764 918 914 986 quoe
947 910 1170 964 tamen
1211 899 1643 990 gravissimos
1668 928 1861 974 casus
1900 909 2079 977 intra
2119 936 2276 1005 spa—

143 1011 296 1079 tium
334 1011 648 1079 humanae
677 1010 966 1105 pertulit
999 1016 1390 1084 senectutis.

225 1130 460 1221 Itaque
507 1129 839 1196 formetur
872 1130 1138 1197 animus
1165 1129 1254 1199 ad
1295 1133 1715 1205 intellectum
1746 1142 2275 1239 patientiamque

143 1246 324 1310 sortis
354 1266 494 1311 suae
514 1292 532 1323 ‚
575 1258 645 1309 et
666 1244 835 1309 sciat
861 1241 1037 1309 nihil
1067 1245 1377 1312 inausum
1408 1270 1556 1315 esse
1585 1250 1913 1341 fortunae3
1946 1256 2277 1333 adversus
2334 1268 2392 1319 ¹⁵

143 1362 408 1455 imperia
435 1360 626 1428 illam
647 1358 829 1427 idem
856 1358 1112 1427 habere
1130 1361 1336 1453 juris,
1371 1362 1558 1454 quod
1582 1366 1907 1439 adversus
1934 1375 2278 1469 imperau-

139 1493 266 1563 tes3
299 1476 630 1545 adversus
657 1475 863 1544 urbes
890 1474 1070 1544 idem
1097 1499 1322 1569 posse,
1364 1479 1549 1571 quod
1581 1481 1907 1553 adversus
1936 1486 2267 1563 homines.

137 1592 310 1659 Nihil
337 1592 586 1659 horum
617 1590 1110 1687 indignandum
1139 1607 1244 1660 est
1285 1620 1300 1659 ε
1335 1594 1411 1664 in
1447 1619 1602 1665 eum
1644 1599 2041 1687 intravimus
2076 1632 2276 1677 mun-

138 1705 306 1790 dum,
329 1708 401 1776 in
432 1733 573 1801 quo
602 1708 713 1776 his
739 1708 1008 1803 legibus
1023 1710 1299 1778 vivitur.
1325 1710 1607 1781 Placet?
1627 1711 1815 1807 pare!
1847 1744 1984 1787 non
2006 1720 2277 1814 placet?

136 1848 548 1919 quacumque
571 1827 701 1907 vis,
736 1822 876 1893 exi!
913 1824 1312 1920 Indignere,
1350 1830 1407 1897 si
1438 1829 1609 1921 quid
1646 1833 1718 1899 in
1744 1850 1813 1903 te
1848 1837 2066 1929 iniqui
2100 1866 2276 1934 pro-

133 1942 268 2031 prie
293 1944 734 2011 constitutum
772 1958 874 2011 est
903 1942 1066 2011 :sed
1103 1944 1160 2010 si
1193 1944 1342 2013 haec
1367 1969 1659 2016 summos
1696 1950 2002 2045 imosque
2035 1980 2273 2025 neces-

133 2055 278 2123 sitas
299 2056 572 2150 alligat,
605 2058 680 2124 in
702 2058 985 2151 gratiam
1019 2080 1174 2124 cum
1209 2057 1346 2163 fato
1375 2077 1721 2130 revertere
1751 2114 1770 2146 ‚
1808 2088 1850 2131 a
1878 2090 2015 2158 quo
2042 2072 2269 2140 omnia

131 2172 572 2242 resolvuntur.
611 2174 765 2241 Non
811 2186 914 2241 est
950 2171 1135 2266 quod
1177 2196 1300 2242 nos
1346 2176 1625 2246 tumulis
1649 2181 1999 2266 metiaris,
2044 2201 2113 2254 et
2156 2186 2267 2257 his
2324 2190 2383 2246 16

133 2277 628 2375 monumentis²,
651 2313 803 2382 quae
826 2291 1004 2358 viam
1027 2289 1324 2383 disparia
1348 2310 1759 2384 praetexunt3
1786 2315 2009 2389 aequat
2035 2325 2267 2372 omnes
2334 2358 2342 2364 .

131 2405 283 2473 cinis
318 2433 333 2473 z
374 2409 672 2500 impares
707 2408 1085 2489 nascimur,
1118 2413 1328 2500 ‘pares
1367 2409 1721 2477 morimur.
1773 2411 1963 2481 Idem
2010 2414 2095 2482 de
2146 2442 2267 2485 ur-

129 2665 234 2722 puto
250 2655 375 2724 quia'
396 2653 490 2706 diu
518 2673 626 2706 non
645 2654 820 2707 fuerat.
837 2653 915 2706 Ex
934 2651 1130 2726 captivo

129 2748 296 2801 coquus
311 2769 326 2795 ‚
350 2753 410 2786 ex
427 2753 596 2805 coquo
617 2733 898 2785 lecticarius
917 2771 932 2794 ,
952 2752 1014 2784 cx
1034 2731 1134 2786 lec-

125 2807 280 2862 ticario
313 2831 476 2882 nsque
514 2811 580 2862 ad
611 2811 888 2864 amicitiam
919 2811 1132 2866 Caesaris

123 2885 252 2950 felix,
282 2908 440 2960 usque
476 2909 536 2941 eo
573 2901 838 2959 utramque
873 2889 1131 2943 fortunam

125 2969 433 3040 contempsit,
463 2967 586 3020 etin
609 2987 709 3038 qua
733 2981 862 3032 erat,
893 2968 1015 3021 etin
1031 2988 1132 3039 qua

121 3043 294 3113 fuerat,
319 3059 378 3100 ut
401 3067 562 3118 quum
595 3047 674 3100 illi
707 3048 878 3101 multis
910 3049 976 3102 de
1007 3069 1132 3104 cau-

120 3120 178 3173 sis
201 3122 348 3178 iratus
379 3125 554 3179 Cesar
581 3126 915 3180 interdixisset
946 3127 1132 3191 domo,

121 3200 421 3254 combureret
453 3200 688 3256 historias
729 3223 898 3256 rerum
936 3205 1000 3256 ab
1039 3203 1130 3256 illo

121 3288 388 3346 gestarum3
416 3280 562 3350 quasi
597 3291 647 3333 et
673 3281 780 3353 ipse
809 3281 887 3334 illi
917 3281 1127 3355 ingenio

119 3372 200 3405 sno
237 3354 592 3419 interdiceret,
633 3358 843 3411 disertus
887 3359 1045 3413 bomo
1081 3372 1130 3412 et

119 3429 274 3497 dicax,
294 3452 324 3486 a
342 3453 448 3504 quo
470 3433 630 3487 multa
649 3435 882 3508 improbe
897 3475 912 3499 ,
936 3437 1024 3492 sed
1044 3457 1129 3489 ve·-

119 3522 248 3562 nuste
293 3509 443 3565 dicta.
481 3533 510 3559 υ
558 3512 878 3567 Controvers.
926 3511 1014 3566 lib.
1055 3516 1128 3570 V.

121 3585 350 3642 Controv.
394 3589 460 3656 34
479 3629 496 3651 ,
541 3591 672 3643 circa
727 3589 818 3643 fin.
863 3611 974 3664 pag.
1013 3592 1127 3662 392.

119 3663 252 3716 Tom.
277 3668 368 3719 111.
393 3668 514 3720 edit.
535 3669 720 3722 varior.
739 3699 804 3710 —-
819 3672 902 3724 De
927 3672 1024 3725 hoc
1035 3673 1126 3724 Ti-

119 3757 316 3814 magene
337 3781 352 3810 ,
377 3747 515 3797 cons.
548 3745 612 3797 ad
642 3747 716 3798 111
741 3748 804 3799 de
835 3750 918 3802 Ira
951 3747 1045 3812 23,
1079 3749 1128 3802 3.

119 3835 214 3886 sqq.
235 3831 342 3872 not.
373 3823 502 3874 Non
535 3823 619 3876 hic
651 3825 958 3897 Timagenes
991 3826 1127 3880 idem

117 3895 254 3948 fuisse
277 3899 480 3952 videtur
504 3919 562 3953 ae
585 3900 696 3966 ille,
728 3925 879 3972 quem
908 3905 1126 3974 Quintil.

117 3972 228 4026 lust.
241 3996 314 4030 or.
330 3978 381 4028 X
397 4017 414 4042 ‚
439 3997 458 4030 ι
478 4019 494 4044 ,
511 3981 572 4046 75
595 3993 704 4050 post
717 3982 1026 4036 Clitarchum
1048 4005 1126 4036 re·

117 4065 304 4122 censet,
325 4067 376 4106 et
405 4076 464 4108 ex
483 4077 584 4127 quo
607 4060 663 4125 1,
705 4079 781 4126 ιο,
815 4080 872 4114 ιο
895 4062 1128 4130 quaedam

447 4155 566 4222 IV.

1229 2664 1376 2716 affert
1394 2701 1409 2727 ‚
1435 2664 1526 2718 sed
1556 2662 1729 2719 rhetor
1748 2681 1799 2720 et
1820 2667 2090 2725 historicus
2116 2673 2265 2746 ejus-

1231 2740 1347 2794 dem
1363 2743 1519 2810 etatis
1533 2781 1549 2808 ,
1570 2743 1877 2799 Alexandria
1905 2761 2058 2801 ortus.
2080 2752 2264 2805 Ruhk.

1300 2835 1343 2871 1.
1378 2821 1435 2871 A
1458 2819 1675 2875 Planco.
1707 2823 1754 2874 A
1776 2825 1935 2877 Lucio
1958 2825 2154 2881 Planco
2174 2830 2262 2881 de-

1229 2897 1405 2950 ductos
1422 2898 1769 2968 Viennenses,
1799 2902 1889 2974 qui
1916 2903 1982 2957 ab
2011 2904 2261 2960 Allobro·
2356 2929 2362 2936 ·

1229 2973 1379 3047 gibus
1399 2974 1464 3028 ad
1482 2977 1725 3031 Rhodani
1744 2992 1791 3031 et
1812 2981 2261 3038 Araris’conflnen-

1229 3052 1355 3104 tiam
1377 3055 1728 3120 consederant,
1752 3077 1796 3108 a.
1822 3058 1887 3110 U.
1907 3078 1950 3110 e.
1977 3079 2001 3128 7
2016 3079 2032 3110 ι
2048 3079 2065 3111 ι
2088 3075 2259 3114 narrat

1229 3131 1335 3182 Dio
1369 3129 1507 3183 Cass.
1539 3131 1639 3198 46,
1674 3135 1759 3185 So.
1784 3135 1921 3187 Nero
1948 3136 2257 3208 Lugdunum

1229 3207 1363 3259 hanc
1383 3207 1581 3260 cladem
1600 3228 1801 3282 passum
1821 3213 2015 3280 adjuvit
2034 3215 2258 3284 quadra-

1226 3287 1334 3358 gies
1359 3289 1605 3353 sestertio,
1629 3290 1951 3360 circiter815,
1966 3294 2057 3348 166
2079 3298 2139 3348 fr.
2164 3305 2257 3350 no·

1225 3377 1339 3420 strae
1364 3379 1603 3422 moneta.
1630 3367 1784 3421 Conf-
1806 3369 1966 3423 Tacit.
1993 3376 2133 3426 Ann.
2162 3375 2254 3430 lib.

1229 3445 1396 3514 XVI,
1420 3465 1533 3518 cap.
1558 3446 1636 3500 13.
1656 3448 1837 3500 Rumc.
1992 3519 2013 3530 κ

1293 3541 1341 3572 2.
1364 3523 1487 3575 Non
1510 3534 1593 3576 est
1610 3528 1755 3593 quod
1770 3545 1865 3579 nos
1886 3533 2108 3584 tumulis
2131 3551 2254 3585 me·-

1225 3602 1395 3663 tt‘are's,
1434 3612 1485 3653 et
1518 3603 1601 3654 his
1624 3607 1988 3658 monumentis.
2013 3606 2255 3678 Spectant

1223 3678 1335 3734 haec
1373 3680 1437 3731 ad
1471 3680 1698 3753 sepulcra
1722 3721 1737 3748 ,
1774 3681 1993 3754 ideoque
2026 3686 2089 3740 ad
2126 3707 2253 3741 mo-

1227 3769 1471 3809 numenta
1504 3777 1622 3811 cum
1665 3759 2077 3834 inscriptionibus
2115 3765 2253 3836 juxta

1226 3835 1363 3887 viam
1390 3835 1641 3906 publicam
1668 3851 1855 3902 erecta,
1884 3852 1933 3891 et
1957 3861 2047 3916 pro
2072 3842 2252 3912 cujus-

1227 3934 1326 3984 que
1364 3915 1562 3967 fortuna
1605 3935 1791 3990 magna
1812 3957 1828 3984 ‚
1870 3939 2019 3991 parva
2040 3959 2053 3984 ,
2098 3931 2249 3988 atque

1229 3993 1356 4046 adeo
1370 3992 1756 4065 disparia-Nunc
1771 4016 1913 4069 pares
1923 4011 2037 4049 sunt
2049 4016 2247 4067 omncs,

1229 4089 1449 4140 quorum
1479 4071 1691 4144 disparia
1714 4075 1959 4140 scpulcra.
1984 4073 2161 4127 Ruhlc.

1896 4169 1939 4254 4
