2667 4475
486 294 965 366 PanloL.
1018 292 1522 364 s‘rolcoa.
1573 295 1766 364 Lm.
1817 297 1878 364 1.
2096 259 2252 368 ‘513

106 440 221 502 Est
243 468 271 494 «ι
292 439 563 524 naturalis
584 438 945 520 compositio:
966 463 993 490 »ι
1018 457 1225 518 nempe
1248 438 1420 498 rebus
1441 439 1606 498 insita
1629 460 1662 498 a
1683 438 1982 508 Communi
2002 451 2062 500 et
2075 443 2258 522 prima

108 549 211 607 illa
227 547 445 607 Natura
464 591 482 620 ,
505 545 567 606 id
586 558 671 606 est
688 587 708 618 ‚
726 545 853 604 Deo
876 568 891 616 ;
911 543 1155 624 ideoque
1173 542 1531 604 etNatm-am
1549 593 1564 615 ,
1595 543 1796 606 Fatum
1817 547 2124 628 appellant.
2148 549 2261 610 Sed

104 655 248 734 quia
276 652 513 736 (nostro
542 649 872 734 intellectu)
898 648 1141 710 Ratzbroe
1177 650 1424 733 quadam
1472 664 1530 711 et
1569 651 1908 712 discretione
1951 653 2110 714 Deus
2152 655 2258 714 hoc

104 759 281 834 facit,
317 773 375 818 et
406 759 653 841 applicat
678 783 693 829 ;
725 757 1035 840 plurimum
1086 755 1389 818 Rationem
1436 757 1562 840 (uti
1595 760 1778 840 ipsam
1810 759 2264 844 Providentiam)

102 867 327 926 dicunt.
376 865 457 925 Ut
484 887 669 948 quum·
693 863 974 924 definiunt
1000 861 1234 946 (Laert.
1283 865 1343 923 in
1387 865 1528 924 Zen.
1553 863 1578 946 )
1625 893 1652 918 «ι
1681 866 1884 926 Fatum
1909 911 1926 940 ,
1961 867 2260 929 Rationem

104 971 427 1032 secundum
479 993 651 1052 quam
694 970 943 1030 mundus
975 969 1421 1030 administratur.
1458 999 1485 1024 »v
1535 971 1798 1056 Itemque
1849 973 2108 1036 diffusius
2149 975 2262 1058 (In

105 1078 276 1152 Stob‚
315 1077 541 1158 Physic.
569 1074 595 1156 )
640 1100 655 1134 ε
704 1103 731 1129 e<
757 1077 1055 1136 Rationem
1080 1120 1097 1148 ‚
1133 1097 1237 1157 per
1260 1099 1432 1158 quam
1467 1076 1611 1137 facta
1636 1123 1654 1151 ,
1689 1091 1823 1138 sunt
1855 1079 2002 1141 sacta
2029 1107 2044 1153 3
2079 1083 2225 1142 fiunt
2245 1128 2261 1156 ‚

104 1205 239 1265 quae
268 1183 446 1254 fiunt3
471 1183 617 1241 *fient
638 1226 655 1254 ,
679 1204 805 1262 quae
826 1183 985 1241 fient.
1011 1207 1039 1234 ιι
1069 1180 1146 1240 Et
1168 1181 1553 1242 discernentes
1579 1183 1790 1243 deinde
1812 1207 1846 1243 a
1870 1185 2230 1257 Providentia
2247 1233 2262 1260 ‚

110 1318 139 1344 «ι
172 1291 475 1350 Rationem
509 1311 705 1349 eorum
739 1311 863 1370 quse
912 1290 973 1348 in
1021 1289 1247 1349 Mundo
1295 1289 1660 1350 Providentia
1710 1292 2198 1355 administrantur.
2233 1321 2260 1348 ι,

106 1397 469 1456 Antei-iorem
500 1417 728 1456 causam
768 1395 861 1455 hic
902 1395 1062 1456 vides
1083 1440 1100 1470 ,
1144 1408 1201 1456 et
1227 1396 1392 1455 istam
1438 1417 1511 1455 ex
1554 1417 1621 1456 ea
1656 1410 1848 1457 natam
1872 1443 1889 1471 ,
1934 1412 2032 1458 aut
2058 1401 2266 1459 subse-

105 1515 403 1587 quentem.
436 1501 551 1562 Sed
580 1501 809 1561 additur
836 1502 897 1559 in
929 1501 1237 1561 Stobaeanis
1274 1525 1291 1560 =
1334 1528 1362 1555 κ
1384 1502 1573 1562 Mutat
1599 1505 1827 1562 interim
1857 1501 2264 1587 (Chrysippus)

106 1623 167 1670 et
212 1630 316 1690 pro
340 1610 563 1669 ratione
593 1608 863 1690 supponit
889 1607 1203 1670 Veritatem
1220 1651 1236 1681 ‚
1267 1607 1509 1668 Causam
1525 1654 1542 1684 ‚
1595 1609 1866 1670 Naturam
1885 1655 1904 1686 ,
1940 1611 1992 1670 N
1995 1613 2266 1672 ecessita-

102 1729 248 1775 tem.
277 1742 305 1768 υ
338 1711 419 1774 Ut
454 1715 529 1774 sit
564 1713 766 1774 Fatum
803 1735 1014 1795 nempe
1055 1712 1121 1772 ·V
1113 1714 1319 1784 eritas,
1356 1711 1582 1784 Causa,
1618 1713 1852 1775 Natura
1883 1763 1898 1785 ,
1937 1715 2265 1778 Necessitas

104 1844 306 1883 eorum
334 1843 459 1904 quae
489 1823 571 1881 sic
598 1822 765 1882 flunt.
790 1819 1164 1903 Sequebatur,
1197 1821 1273 1880 ab
1296 1831 1523 1881 aterno.
1552 1819 1672 1893 Ita;
1695 1843 1830 1881 nam
1857 1824 1918 1881 in
1937 1823 2046 1883 Dei
2071 1837 2264 1884 mente

102 1927 229 1986 haec
250 1929 595 2002 constitutio,
627 1941 685 1987 et
712 1949 844 1986 cum
869 1925 1104 1987 AEterno
1120 1925 1220 1986 illo
1240 1939 1470 1988 aeterna.
1499 1927 1590 1988 De
1609 1930 2033 2009 complicatione
2049 1933 2264 1992 humu-

102 2035 280 2095 rabili
302 2034 531 2095 additur
556 2058 573 2094 ε
599 2032 755 2116 quod
783 2032 857 2093 ad
889 2033 1149 2094 ordinem
1180 2036 1502 2116 seriemque
1523 2049 1824 2096 causarum
1867 2035 2019 2096 facit.
2074 2037 2263 2098 Prima

102 2144 205 2202 illa
233 2164 401 2202 causa
424 2139 634 2224 (Deus)
662 2141 801 2202 alias
834 2153 1006 2223 atque
1033 2143 1173 2200 alias
1199 2142 1446 2202 subserit
1463 2186 1480 2216 ,
1513 2143 1662 2204 miro
1693 2156 1755 2202 et
1787 2144 2260 2226 incomprehenso

96 2252 273 2311 nobis
302 2274 459 2312 nexu
497 2274 516 2309 ε
550 2253 640 2311 ’sic
661 2295 677 2325 ,
713 2264 779 2311 ut
814 2258 939 2332 'quae
984 2249 1126 2310 Fato
1168 2252 1441 2310 eveniunt
1471 2253 1702 2311 evenire
1744 2274 1849 2331 per
1894 2253 2184 2315 Naturam.
2205 2265 2262 2321 et

101 2360 406 2420 Rationem
446 2358 769 2419 videantur.
810 2356 951 2417 Haec
980 2369 1067 2417 est
1104 2357 1203 2415 illa
1234 2356 1526 2437 Sapientia
1553 2357 1934 2417 inscrutabilis
1967 2381 1984 2416 ε
2027 2384 2054 2411 α
2078 2380 2112 2417 a
2145 2380 2258 2440 qua

102 2480 193 2526 est
224 2468 407 2527 omnis
433 2466 635 2526 modus
651 2509 669 2539 ,
703 2465 887 2525 omnis
919 2464 1139 2545 species
1153 2507 1171 2537 ,
1202 2464 1387 2523 omnis
1417 2463 1555 2523 ordo
1575 2507 1590 2537 ,
1620 2485 1888 2526 mensura
1907 2509 1924 2539 ‚
1951 2485 2255 2538 numerus,

100 2571 329 2653 pondus
362 2596 379 2631 ε
413 2594 447 2631 a
474 2594 589 2654 qua
616 2583 735 2645 est,
766 2568 1051 2653 quidquid
1080 2568 1414 2632 naturaliter
1445 2580 1531 2629 est
1546 2614 1562 2641 ‚
1595 2570 2006 2652 cujuscumque
2033 2572 2259 2653 generis

102 2691 192 2739 est
214 2722 233 2751 ,
270 2679 676 2760 cujuscumque
705 2678 1089 2737 aestimationis
1118 2690 1205 2737 est
1230 2700 1245 2735 ε
1282 2698 1456 2758 a-qua
1493 2689 1629 2735 sunt
1649 2677 1876 2739 ‚semina
1903 2676 2212 2739 formarum
2236 2724 2254 2751 ,

96 2788 295 2847 formae
314 2788 596 2847 seminum
620 2831 637 2861 ,
658 2799 843 2847 motus
866 2786 1151 2846 seminum
1178 2798 1352 2866 atque
1369 2784 1701 2845 formarum.
1717 2812 1742 2838 ιι
1765 2784 2034 2870 (August.
2059 2787 2138 2861 V,
2163 2786 2255 2847 De

101 2892 276 2952 civit.
304 2915 437 2975 cap.
476 2915 497 2952 1
518 2915 537 2952 1
556 2892 599 2974 .)
638 2892 793 2967 Quid
828 2914 973 2974 opus
1012 2890 1418 2973 perissologia?
1451 2913 1484 2951 a
1517 2914 1634 2972 qua=
1661 2904 1777 2967 est,
1808 2892 2092 2975 quidquid
2126 2906 2212 2951 est
2235 2916 2252 2949 ε

98 3000 404 3060 Peccatum
432 3012 623 3059 autem
651 3000 725 3059 ab
753 3021 820 3059 ea
847 3020 962 3057 non
994 3011 1111 3071 est,
1144 2998 1281 3079 quia
1307 3019 1416 3057 nec
1444 3010 1548 3057 est.
1583 2996 1824 3080 Pelagus
1855 2997 1964 3056 hoc
1983 3041 2000 3071 ,
2029 2998 2108 3057 mi
2133 2999 2256 3057 Au-

98 3109 275 3181 ditor,
310 3108 485 3167 immo
512 3108 749 3187 abyssus
769 3151 785 3181 ‚
818 3108 993 3165 immo
1022 3105 1191 3165 chaos
1212 3149 1229 3179 ,
1267 3107 1316 3165 si
1349 3106 1666 3188 ingrederis
1698 3130 1716 3165 ε
1747 3118 1806 3165 et
1829 3106 1910 3163 sic
1939 3126 2001 3165 se
2044 3104 2256 3168 habere

98 3213 291 3296 potius
307 3254 323 3287 ,
356 3234 530 3295 quam
558 3212 843 3293 quomodo
872 3211 1100 3285 habeat,
1124 3211 1355 3270 scimus.
1383 3210 1490 3271 Est
1504 3211 1680 3293 igitur
1702 3212 1873 3271 series
1887 3220 1942 3270 et
1958 3214 2249 3281 connexio,

92 3334 273 3401 atque
300 3340 368 3379 ea
394 3318 761 3379 immutabilis
782 3362 799 3391 ‚
827 3319 963 3399 quia
990 3318 1063 3377 ab
1092 3318 1436 3377 immutabili
1469 3318 1592 3377 Deo
1619 3340 1637 3375 ε
1669 3316 1915 3398 ideoque
1945 3329 2002 3377 et
2030 3316 2258 3379 Neces-

91 3430 241 3489 sitas
267 3425 511 3486 cohaeret
540 3449 555 3497 ;
581 3447 705 3507 quae
734 3447 892 3485 soror
922 3437 1008 3485 est
1025 3468 1041 3496 ‚
1074 3435 1141 3483 ut
1168 3425 1249 3483 sic
1286 3422 1472 3485 dicam
1493 3467 1509 3495 ‚
1541 3436 1600 3482 et
1631 3424 1874 3511 gemella
1901 3424 2046 3484 Fati.
2085 3424 2256 3485 Tris-

90 3534 371 3614 megistus
397 3528 529 3614 (Ad
551 3528 928 3611 Ammonem)
960 3555 977 3591 ε
1010 3558 1039 3586 «ι
1066 3530 1275 3591 Omnia
1300 3528 1518 3591 Natura
1541 3542 1598 3590 et
1623 3530 1936 3595 Fatofiunt
1956 3575 1973 3605 ‚
2017 3553 2124 3592 nec
2171 3545 2256 3592 est

92 3638 283 3698 Locus
308 3660 523 3699 vacuus
551 3659 585 3696 a
613 3635 999 3697 Providentia.
1026 3636 1134 3698 Est
1165 3651 1356 3698 autem
1386 3636 1750 3697 Providentia
1770 3680 1786 3711 ,
1820 3637 1880 3695 in
1911 3659 1972 3696 se
2001 3638 2254 3719 perfecta

92 3746 267 3805 Ratio
294 3746 529 3805 eaelestis
572 3744 724 3817 Dei,
758 3744 850 3802 cui
880 3744 1005 3803 duae
1039 3756 1172 3805 sunt
1202 3756 1454 3827 cognatae
1490 3743 1784 3803 facultates
1805 3788 1822 3816 ,
1854 3744 2172 3805 Necessitas
2201 3756 2258 3805 ct

94 3852 376 3921 Fatum.»
412 3852 655 3913 Pulchre
682 3851 985 3934 distinguit
1003 3896 1019 3926 ‚
1053 3864 1111 3911 et
1134 3851 1237 3911 has
1268 3873 1342 3912 ex
1369 3852 1468 3911 illa
1497 3852 1748 3912 deducit.
1779 3850 1932 3925 Quid
1961 3850 2135 3931 ergo?
2163 3852 2256 3909 in—

94 3958 326 4038 quiunt.
363 3960 695 4023 Necessario
726 3960 845 4020 haec
890 3961 971 4019 sic
1014 3959 1199 4019 fiunt?
1244 3973 1301 4019 et
1343 3982 1450 4020 nec
1483 3960 1641 4019 Deus
1677 3958 1894 4019 mutat?
1927 3978 2031 4015 nec
2067 3954 2244 4016 Deus.

94 4066 286 4145 Asper
325 4067 489 4125 initio
520 4088 707 4129 sermo
725 4110 741 4141 ,
786 4067 891 4127 sed
938 4067 1295 4131 examinatus
1317 4108 1333 4138 ,
1370 4064 1684 4125 Stoicorum
1719 4065 1888 4125 etiam
1921 4085 2057 4125 vero
2085 4084 2254 4124 sensu

393 4178 509 4245 IV.
684 4198 687 4201 ’
1841 4172 1992 4239 33.-
