2667 4475
453 360 954 439 PHYSIOL.
997 354 1420 431 sT'olco
1443 362 1535 430 R.
1584 358 1782 429 LIB.
1832 360 1893 428 1.
2108 358 2241 459 53'7

95 518 157 567 et
183 503 454 588 Specialis
479 506 720 588 singulis
747 504 1078 565 mortalibus
1109 503 1332 566 Genius
1365 504 1721 579 admovetur,
1744 522 1917 586 quem
1938 516 1997 565 et
2018 504 2246 567 Prassti-

96 626 216 673 tem
231 651 250 685 ,
293 612 452 695 quod
490 612 706 693 praesit·
729 610 1016 693 gerundis
1055 612 1318 671 omnibus
1333 656 1352 686 ‚
1382 623 1748 671 vocaverunt.
1782 608 1929 670 Nam
1959 622 2018 671 et
2046 611 2245 693 populi

99 718 286 779 Genio
302 762 320 793 ,
341 740 520 800 quum
541 716 842 778 Generalis
863 717 1138 798 poscitur,
1160 719 1518 800 supplicant3
1542 730 1600 779 et
1619 718 2013 799 unnsquisque
2034 718 2247 801 guber-

96 827 282 886 natori
313 826 546 907 proprio
577 824 854 907 dependit
889 825 1248 906 obsequium.
1279 850 1308 877 n
1347 824 1465 884 Ubi
1494 836 1685 885 tamen
1720 822 2055 885 Gener-alem
2082 824 2247 885 illum

95 930 174 993 ad
201 931 440 1014 populos
467 942 690 993 tantum
717 929 1000 1013 singulos,
1033 929 1471 1013 provinciasque
1498 952 1515 987 =
1540 930 1687 989 sicut
1715 929 2015 1011 specialem
2038 928 2113 990 ad
2138 928 2251 988 ho·-

94 1038 282 1099 mines
299 1082 317 1112 ,
361 1038 532 1097 urbes
551 1079 568 1112 ,
614 1038 741 1097 loca
783 1036 895 1096 alia
939 1048 1094 1097 certa
1113 1078 1132 1109 ,
1175 1036 1407 1097 videtur
1445 1036 1711 1117 allegare.
1748 1033 1866 1095 Sed
1890 1035 2249 1097 Varroniana

93 1165 260 1203 mens
291 1144 402 1204 alia
431 1143 541 1203 fuit
573 1166 590 1202 ε
623 1144 727 1203 etsi
758 1156 891 1225 apta
919 1155 978 1203 et
1004 1164 1140 1203 vera
1173 1142 1345 1203 etiam
1377 1140 1496 1201 haec
1531 1140 1735 1207 divisio
1756 1184 1773 1215 ,
1809 1140 2090 1223 quosdam
2122 1139 2251 1201 Ge-

91 1252 324 1324 niorum
354 1251 462 1311 sub
494 1250 592 1309 illo
621 1270 832 1332 magno
864 1249 1218 1331 Imperatore
1234 1293 1253 1323 ,
1297 1248 1457 1309 velut
1499 1246 1739 1330 Legatos
1790 1259 1890 1307 aut
1914 1248 2202 1308 Tribunos
2228 1292 2245 1321 ,

95 1356 323 1439 populis
351 1352 792 1441 regionibusque
819 1376 1052 1429 curare3
1086 1348 1234 1421 alios⁴
1251 1355 1459 1414 iterum
1488 1354 1653 1435 quasi
1678 1352 2055 1412 Centuriones
2070 1396 2087 1426 ,
2122 1353 2251 1412 col-

94 1444 262 1551 legiis
281 1505 297 1535 ,
332 1462 560 1544 oppidis
581 1506 598 1537 ,
619 1462 908 1545 vicisque3
943 1462 1194 1543 denique
1225 1472 1284 1520 et
1313 1460 1569 1553 gregales
1599 1458 1831 1533 milites,
1868 1458 2107 1543 singulis
2134 1458 2252 1517 ho-

95 1570 346 1638 minibus
365 1613 382 1645 ,
427 1569 702 1651 locisque.
755 1567 844 1627 Ita
889 1562 1168 1649 templum
1217 1564 1395 1629 Genii
1412 1566 1665 1647 publici,
1714 1566 1833 1625 sive
1882 1563 2057 1625 Genii
2082 1586 2147 1645 p.
2195 1588 2247 1624 r.

92 1677 307 1736 scimus
334 1675 395 1737 in
424 1674 586 1738 Urbe
617 1674 795 1735 fuisse
839 1697 858 1733 e
901 1674 1038 1733 item
1067 1672 1318 1739 Coloniis
1337 1716 1355 1747 ,
1388 1694 1520 1739 suos
1550 1669 1769 1739 Genios
1804 1694 1821 1730 ε
1856 1670 1968 1753 ipsi
1999 1670 2252 1751 Principi

95 1783 332 1842 seorsim
354 1801 522 1841 suum
538 1826 555 1858 ,
579 1780 942 1865 grandiorem
964 1780 1212 1862 aliquem
1233 1776 1544 1871 grandiori.
1573 1777 1957 1861 Panegyricus
1973 1779 2217 1861 scriptor
2230 1820 2251 1853 ,

99 1915 128 1957 ᾳ
157 1886 355 1949 Habes
385 1886 641 1970 profecto
665 1885 899 1969 aliquod
922 1907 1054 1947 cum
1081 1886 1180 1947 illa
1205 1884 1405 1946 Mente
1438 1882 1631 1945 divina
1654 1928 1671 1958 ,
1706 1884 2079 1945 Constantine
2096 1927 2115 1957 ,
2151 1905 2253 1969 se-3

94 2007 317 2067 cretum
336 2037 354 2069 ,
384 2016 510 2077 quae
534 2036 551 2068 ,
588 1993 846 2079 delegata
875 1992 1053 2052 nostri
1084 1991 1194 2053 diis
1218 1990 1539 2059 minoribus
1578 2013 1716 2059 cura
1737 2034 1754 2064 ,
1786 1992 1889 2050 uni
1924 2012 1987 2052 se
2016 1991 2121 2049 tibi
2152 1978 2256 2050 di-'
2360 2008 2367 2015 ·

94 2106 304 2185 gnatur
351 2099 671 2163 ostendere.
697 2127 726 2161 a
761 2098 1078 2175 Ostendere
1100 2142 1117 2175 ,
1170 2121 1277 2182 per
1320 2102 1547 2167 astitem
1576 2113 1635 2159 et
1660 2100 1965 2183 praestitem
1999 2095 2251 2157 Genium

93 2211 344 2292 aliquem
375 2209 719 2294 digniorem.
768 2208 916 2270 Nota
959 2210 1319 2292 superstitio,
1366 2231 1441 2269 an
1476 2208 1726 2269 adulatio
1750 2218 1915 2268 vetus
1944 2205 2246 2280 Romana,

95 2339 202 2401 per
235 2315 487 2376 Genium
520 2316 804 2410 Principis
847 2315 1110 2398 religiose
1150 2315 1486 2395 jurantium.
1528 2315 1604 2374 At
1643 2313 1850 2386 nobis,
1894 2312 2119 2392 inquit,
2151 2309 2252 2370 Dii
2302 2371 2311 2396 x

95 2423 346 2498 minores
368 2421 676 2482 sufficiunt.
703 2421 1110 2516 vulgatissima
1140 2431 1330 2484 autem
1355 2418 1473 2480 haee
1501 2419 1781 2490 sententia
1806 2417 2059 2492 Genios,
2088 2438 2122 2476 a
2144 2439 2251 2475 na·
2350 2423 2356 2431 '

93 2529 196 2588 tali
226 2527 365 2603 die,
400 2531 608 2611 cuique
635 2527 1029 2590 asserentium.
1058 2523 1432 2592 Menander.

422 2649 606 2716 Ᾰπαντι
637 2663 720 2716 δαί
699 2683 812 2730 ιμην
834 2665 889 2717 ἂν
893 2661 968 2732 δρὶ
955 2668 1373 2730 ιῗσνμπᾳραστατι

425 2743 577 2822 ἑνθῖος
598 2755 820 2823 μυοίη-(νῷ
837 2791 852 2820 ,
872 2752 1164 2821 μυσταγοηδς
1187 2758 1270 2802 τοῦ
1296 2750 1426 2818 βίον·

420 2866 612 2935 Cuique
631 2867 816 2918 Genius
828 2867 1053 2934 jungitur
1067 2865 1353 2917 mortalium

427 2957 608 3010 Statim
623 2958 758 3010 edito
780 2995 796 3022 ,
819 2957 1098 3010 moderator
1114 2963 1172 3008 ut
1189 2957 1426 3008 vitrearet.

89 3081 493 3164 Mystagogwn
534 3083 633 3144 ille
678 3082 828 3143 dixit
845 3127 862 3158 ,
895 3081 1114 3142 Seneca
1142 3094 1336 3143 noster
1368 3079 1772 3160 Poedagogwn.
1812 3107 1839 3134 κ
1864 3079 2085 3162 Sepone
2102 3121 2119 3154 ,
2154 3081 2256 3140 in-

87 3191 222 3273 quit
247 3187 460 3272 (Epist.
494 3188 649 3272 cxx),
672 3191 735 3251 in
755 3191 1058 3274 prasentia
1075 3233 1092 3264 ,
1128 3211 1254 3271 quae
1278 3187 1623 3274 quibusdam
1645 3189 1873 3270 placent
1890 3211 1908 3247 ι
1927 3187 2255 3270 Unicuique

88 3309 352 3358 nostrum
400 3297 774 3384 Paedagogum
821 3299 945 3360 dari
987 3297 1177 3361 Deum
1197 3340 1214 3370 ,
1263 3318 1381 3356 non
1425 3297 1661 3378 >quidem
1704 3295 2105 3366 ordinarium3
2151 3297 2255 3357 sed

86 3403 248 3463 hunc
279 3401 563 3465 inferioris
595 3418 742 3472 notae
761 3449 778 3478 ,
813 3427 884 3466 ex
917 3426 1116 3472 eorum
1145 3425 1387 3473 numero
1414 3425 1559 3486 quos
1580 3403 1819 3465 Ovidius
1842 3405 1953 3478 ait,
1983 3402 2057 3464 de
2083 3403 2253 3486 plebe

86 3511 271 3570 Deos.
297 3536 326 3566 υ
367 3509 720 3592 Quibusdam
741 3512 970 3593 placere
995 3509 1104 3573 hnc
1133 3513 1216 3572 ait
1235 3535 1253 3578 ε
1275 3511 1487 3593 quibus
1502 3511 1529 3572 2
1544 3510 1747 3572 Stoicis
1760 3511 1915 3584 suis3
1942 3531 2075 3570 nam
2104 3511 2249 3590 jun-

87 3617 177 3706 git
201 3639 218 3674 ε
249 3615 378 3684 «Ita
396 3627 588 3684 tamen
607 3615 717 3676 hoc
739 3638 979 3700 seponas
997 3618 1128 3677 volo
1146 3660 1163 3691 ‚
1189 3629 1255 3677 ut
1272 3617 1604 3688 memineris
1624 3617 1867 3696 majores
1885 3627 2128 3690 nostrosj,
2144 3616 2244 3697 qui

86 3722 468 3783 crediderunt
489 3720 629 3797 hoc,
652 3722 867 3782 Stoicos
899 3722 1094 3784 fuisse.
1123 3723 1375 3811 Singulis
1410 3724 1563 3783 enim
1598 3734 1657 3782 et
1678 3721 1929 3783 Genium
1964 3733 2021 3781 et
2048 3720 2243 3783 Juno-

87 3851 232 3890 nem
263 3827 569 3890 dederunt.
597 3857 627 3884 u
649 3827 900 3888 Genium
919 3872 938 3904 ,
962 3851 1170 3913 nempe
1190 3832 1349 3904 viris,
1374 3829 1685 3903 Junonem,
1706 3828 1955 3888 soeminis
1980 3825 2076 3886 :id
2096 3838 2238 3900 erat,

87 3925 316 4009 mareni
329 3933 580 3996 Genium
599 3980 616 4011 ,
641 3935 1050 4016 {heminamque
1067 3979 1086 4009 ,
1111 3957 1216 4017 pro
1237 3957 1401 3996 sexu.
1433 3934 1649 3995 Plinius
1674 3932 1814 4015 (lib.
1836 3933 1903 3992 11
1922 3977 1939 4008 ,
1966 3953 2093 4014 cap.
2124 3931 2196 4015 7)
2218 3955 2237 3991 ε

157 4142 174 4172 ¹
195 4138 318 4204 ideo
341 4146 390 4190 et
409 4142 565 4192 Graeci
587 4138 736 4210 τῦχην
767 4135 990 4192 Genium
1012 4146 1220 4193 vertunt.
