2667 4475
456 352 599 421 666
824 445 832 462 ‘
1022 388 1028 393 -
1207 348 1507 417 JUSTI
1556 346 1876 416 LIPSII

456 506 514 554 et
565 494 716 553 vitiis
761 504 1012 574 purgatae
1037 534 1054 566 ,
1111 494 1247 552 item
1293 468 1675 549 subvolarent.
1728 490 1855 549 Non
1902 492 2049 551 alibi
2110 491 2255 571 legi,
2298 488 2359 547 de
2392 490 2520 547 Stoicis

454 590 688 681 quidem
715 624 732 658 ε
757 600 862 658 et‘si
885 598 1134 657 Platonis
1163 596 1376 656 similes
1403 618 1673 656 ascensus
1700 608 1756 657 et
1778 598 1999 679 gradus
2020 598 2147 656 scio
2174 639 2191 669 ‚
2216 594 2311 655 sed
2332 618 2423 654 non
2442 618 2520 653 cun

454 706 560 765 hac
587 707 911 788 disciplina.
945 706 1130 780 Quam
1161 704 1318 765 idem
1346 703 1443 763 ille
1470 702 1607 763 Afer
1626 726 1767 763 naso
1795 705 2114 786 suspendit
2146 726 2161 762 =
2194 730 2222 755 α
2254 714 2309 762 et
2324 702 2441 770 Ubi,
2462 704 2525 757 in-

452 814 578 895 quit
601 856 617 887 ‚
647 814 753 872 erit
785 812 996 871 Scholae
1027 813 1186 893 regio
1211 856 1229 885 ,
1269 812 1328 869 in
1363 822 1519 869 tanta
1550 810 1817 870 distantia
1847 812 2305 871 diversoriorum
2322 809 2345 867 ¹?
2362 831 2445 889 qua
2464 829 2521 865 ra-

451 920 611 979 tione
625 919 916 999 discipulae
935 917 1011 977 ad
1028 920 1326 1000 magistras
1344 918 1769 977 conventabunt
1784 960 1801 991 ‚
1825 928 1992 977 tanto
2016 916 2343 977 discrimine
2359 914 2519 972 imican

451 1024 784 1086 abstractae?
813 1024 954 1099 Quis
989 1037 1180 1084 autem
1213 1024 1324 1083 illis
1355 1024 1665 1105 posthumae
1699 1024 2046 1084 cruditionis
2078 1044 2220 1083 usus
2250 1044 2311 1081 ac
2346 1020 2516 1079 fructus.

451 1135 686 1217 jamjam
715 1131 1160 1216 conflagratione
1175 1132 1489 1213 perituris?
1520 1159 1547 1185 n
1576 1132 1645 1191 In
1674 1123 1892 1193 Seneca
1918 1145 2130 1192 nostro
2157 1130 2274 1189 haec
2290 1126 2519 1189 disci-imm

451 1260 568 1300 non
591 1242 682 1309 ,sic
711 1242 936 1321 reperio
970 1264 986 1297 z
1018 1262 1199 1297 unum
1244 1238 1434 1297 locum
1452 1283 1469 1311 ‚
1502 1240 1601 1298 ubi
1622 1240 1823 1299 leviter
1850 1241 2063 1321 tangit.
2108 1240 2207 1297 Ait
2239 1236 2307 1295 ad
2330 1234 2517 1293 Mar-ciam

452 1345 621 1429 (c‘ap.
660 1344 776 1427 25)
802 1370 819 1405 ε
857 1374 886 1399 «
915 1346 1145 1427 Integer
1173 1344 1270 1404 ille
1295 1388 1312 1419 ,
1345 1345 1604 1425 nihilque
1634 1347 1695 1404 in
1722 1346 1889 1405 terris
1916 1347 2290 1425 relinquens,
2334 1340 2518 1423 paulum-

452 1476 565 1535 que
597 1474 768 1535 supra
791 1475 896 1512 nos
925 1464 1332 1525 commoratus,
1364 1451 1503 1510 dum
1531 1463 1813 1533 expurgat
1839 1452 2187 1511 inhaerentia
2214 1450 2371 1520 vitia,
2394 1448 2519 1505 situm-

453 1581 569 1640 que
607 1561 793 1619 omnis
822 1559 1074 1617 mortalis
1103 1558 1205 1616 aevi
1235 1558 1453 1616 excutit
1476 1601 1492 1630 ,
1527 1556 1737 1617 deinde
1762 1557 1838 1617 ad
1877 1558 2118 1617 excelsa
2154 1556 2410 1623 sublatus,
2428 1552 2519 1608 inter

452 1663 648 1723 felices
691 1666 868 1724 currit
913 1665 1148 1723 Animas
1186 1688 1202 1721 ε
1249 1664 1578 1744 excipitque
1623 1664 1785 1723 illum
1826 1676 2010 1723 coetus
2052 1686 2239 1737 sacer,
2286 1661 2516 1740 Scipiones.

456 1768 834 1849 Catonesque.
874 1769 1041 1829 Pater
1069 1781 1204 1827 tuus
1223 1766 1589 1851 (Cremutius
1618 1768 1837 1828 Cordus
1857 1768 1885 1851 )
1903 1769 2133 1831 Marcia
2158 1814 2173 1841 ‚
2204 1769 2313 1827 illic
2332 1774 2513 1843 nepe-tm

455 1896 622 1935 suum
653 1876 904 1956 applicat
935 1874 1044 1934 sibi
1067 1920 1084 1949 ,
1121 1888 1177 1935 et
1203 1877 1521 1936 vicinorum
1552 1876 1803 1935 siderum
1830 1888 2055 1935 meatus
2090 1877 2274 1936 docet.
2305 1900 2331 1925 ι·
2356 1866 2518 1929 Exami-

459 1993 594 2040 nata
651 1981 802 2039 enim
839 1980 952 2039 huc
1003 1979 1222 2039 saciant
1261 2004 1278 2038 ε
1321 1993 1381 2040 et
1422 1983 1650 2062 purgari
1702 1984 1763 2041 in
1809 1984 1925 2041 imo
1960 1986 2099 2042 aere
2124 1980 2365 2062 (quippe
2395 1972 2513 2032 adhuc

457 2087 871 2147 adolescentem
897 2130 915 2159 ,
947 2108 1056 2145 nec
1084 2086 1266 2168 plenae
1303 2085 1648 2169 Sapientiae)
1678 2088 1857 2147 filium
1891 2089 2148 2149 ostendit
2182 2110 2199 2145 ε
2236 2098 2345 2144 mm
2376 2098 2515 2139 θέτω·

459 2194 597 2254 dere
621 2237 638 2267 ‚
674 2206 732 2253 et
775 2192 1013 2254 vicinum
1060 2192 1336 2254 sideribus
1360 2190 1386 2274 (
1408 2214 1525 2252 non
1570 2193 1719 2253 inter
1750 2191 1921 2274 ipsa)
1968 2195 2096 2254 fieri
2146 2214 2212 2252 ac
2248 2188 2379 2250 ferri.
2416 2180 2510 2242 Alibi

458 2324 575 2361 non
600 2301 682 2360 sic
717 2311 917 2360 e'xacte
935 2341 952 2374 ‚
981 2312 1039 2372 et
1066 2299 1194 2358 Diis
1225 2299 1366 2380 ipsis
1390 2300 1630 2359 miscere
1656 2299 1952 2372 videatur3
1990 2312 2059 2360 ut
2096 2301 2159 2358 in
2190 2293 2391 2380 epistola
2414 2309 2511 2368 qu?-

459 2408 592 2468 dam
617 2431 634 2466 =
669 2435 696 2462 ιι
726 2408 918 2482 Quum
947 2407 1166 2466 venerit
1194 2407 1316 2466 (lies
1346 2405 1444 2465 ille
1465 2449 1482 2479 ‚
1511 2407 1611 2486 qui
1631 2404 1877 2465 mixtum
1902 2405 2012 2464 hoc
2045 2407 2227 2466 divini
2254 2397 2509 2473 humaniqut

460 2528 719 2576 secernat
745 2539 760 2586 3
787 2535 994 2596 corpus
1019 2513 1128 2573 hoc
1156 2514 1259 2573 ubi
1279 2514 1475 2572 inveni
1498 2513 1819 2594 relinquam
1842 2555 1859 2586 ,
1883 2514 2009 2593 ipse
2034 2535 2135 2572 me
2158 2512 2261 2573 diis
2280 2504 2473 2568 reddam.
2490 2523 2506 2546 ·

461 2621 794 2702 Iterumque
825 2621 963 2680 alibi
1009 2618 1145 2702 (Ad
1184 2619 1384 2701 Polyb.
1438 2639 1566 2700 cap.
1606 2616 1723 2699 28)
1747 2661 1765 2693 ,
1814 2619 2111 2678 indefinite
2154 2619 2246 2676 vel
2284 2611 2506 2688 ambigues

462 2729 624 2809 quod
638 2728 712 2787 ad
728 2728 916 2787 locum
935 2749 952 2785 ε
978 2753 1005 2780 α
1023 2725 1254 2786 Fruitur
1271 2747 1425 2785 nunc
1442 2723 1653 2807 (frater
1668 2739 1799 2784 tuus
1820 2724 2105 2808 mortuus)
2126 2735 2309 2806 aperto
2328 2731 2374 2778 et
2388 2715 2505 2773 libem

461 2836 596 2896 caelo
629 2858 645 2893 =
685 2857 758 2896 ex
783 2835 988 2894 humili
1021 2845 1192 2914 atque
1221 2834 1491 2914 depresso
1538 2834 1599 2892 in
1642 2855 1774 2892 eum
1818 2834 2049 2893 emicuit
2090 2834 2304 2901 locum,
2329 2818 2506 2906 qussquss

461 2941 558 3002 ille
600 2954 720 3016 est,
769 2941 869 3022 qui
906 2941 1115 3000 solutas
1135 2940 1399 2998 ‘vinculis
1442 2937 1679 2998 Animas
1708 2938 1875 2999 beato
1900 2940 2106 3020 recipit
2138 2940 2301 2997 sinna
2338 2943 2382 2990 et
2407 2943 2502 2984 nunc

460 3049 640 3110 libere
667 3049 926 3131 uagatur,
969 3059 1028 3106 et
1065 3048 1255 3107 omnia
1294 3067 1489 3106 rerum
1515 3045 1743 3106 Natura
1771 3045 1923 3104 bona
1951 3091 1967 3122 ,
1999 3068 2131 3105 cum
2172 3061 2364 3103 summa
2396 3031 2507 3090 volu-

461 3168 618 3238 ptate
641 3199 657 3230 ‚
695 3155 985 3236 perspicit.
1018 3179 1047 3206 π
1076 3153 1193 3212 Ubi
1223 3154 1527 3234 postremis
1554 3155 1724 3212 etiam
1755 3154 1943 3212 verbis
1966 3153 2129 3212 vides
2150 3197 2169 3227 ‚
2194 3147 2319 3232 quid
2334 3157 2503 3204 0811910·

463 3263 583 3321 rint
609 3261 790 3342 egisse
819 3260 1052 3319 Animas
1075 3301 1094 3333 ‚
1144 3259 1224 3318 sic
1267 3261 1329 3319 in
1362 3260 1590 3318 excelso
1618 3261 1773 3319 sitas.
1812 3259 2099 3318 Nimirum
2126 3245 2502 3332 contemplatione

465 3366 839 3450 (suavissimo
869 3379 1034 3448 pastu
1064 3365 1450 3450 Animorum)
1478 3387 1541 3426 se
1572 3387 1879 3447 occupasse
1922 3379 1979 3427 et
2015 3367 2335 3430 oblectasse3
2360 3377 2407 3414 τί·
2433 3369 2500 3406 ⁵⁰·

465 3497 606 3558 pera
636 3495 708 3534 ex
733 3475 924 3534 vicino
947 3519 964 3548 ,
997 3486 1054 3534 et
1079 3476 1196 3534 ima
1224 3496 1298 3534 ex
1321 3476 1435 3533 alto
1460 3518 1477 3546 ,
1500 3473 1769 3534 lustrasse
1796 3496 1863 3533 ac
1887 3473 2215 3555 pervidisse.
2249 3469 2409 3544 ltaque
2430 3485 2447 3510 ³
2462 3453 2497 3508 5¹²

468 3600 676 3642 arcana
697 3563 926 3638 Naturae
947 3592 1210 3662 penetrat
1235 3579 1343 3662 (ut
1371 3578 1588 3639 Seneca
1616 3579 1789 3654 alibi,
1825 3577 1915 3638 Ad
1945 3577 2213 3638 Marciam
2234 3620 2249 3649 ,
2272 3593 2374 3651 cap-
2398 3557 2497 3637 25),

470 3702 528 3750 et
553 3699 836 3749 scrutatur
861 3689 1166 3747 caelestium
1199 3707 1398 3746 causas
1418 3731 1435 3761 ‚
1468 3699 1527 3746 et
1555 3689 1614 3746 in
1645 3676 1931 3768 profunda
1961 3698 2230 3746 ten-arum
2267 3674 2495 3762 permffl‘ff

469 3797 650 3856 aciem
672 3797 852 3874 juvat.
881 3819 910 3847 n
953 3791 1067 3852 Sed
1095 3791 1311 3852 ibidem
1346 3791 1599 3873 profecto
1623 3836 1640 3865 ,
1680 3819 1709 3846 «ι
1742 3792 2025 3852 sideribus
2058 3787 2394 3850 immiscet,
2412 3770 2497 3832 ⁸¹3⁰

472 3897 676 3954 caelesti
705 3917 836 3955 arce
865 3920 893 3948 υ
926 3893 1166 3953 collocat
1185 3937 1202 3966 ,
1239 3895 1387 3952 sicut
1422 3905 1479 3952 et
1506 3895 1565 3952 in
1596 3893 1833 3975 epistola
1852 3913 1935 3952 cu
1964 3905 2211 3952 extrema
2234 3913 2249 3948 ε
2270 3879 2390 3967 qnod
2412 3871 2497 3934 9¹²¹·

470 4003 722 4061 tonicnm
753 4001 932 4083 magis
955 3995 1184 4081 {quam
1231 3997 1484 4059 Stoicum
1532 4000 1693 4060 scito.
1739 3997 1887 4060 Nam
1938 3999 2023 4059 illi
2055 3997 2345 4082 pandebant
2378 3988 2499 4066 ipsum

473 4105 700 4168 AEthera
735 4108 1084 4189 sapientibus
1127 4130 1143 4164 ε
1186 4119 1248 4167 et
1285 4107 1347 4167 in
1374 4109 1469 4168 via
1502 4107 1647 4169 adeo
1683 4107 1868 4169 lactea
1902 4106 2259 4170 collocabant.
2290 4096 2381 4161 Sed
2400 4103 2439 4152 ²¹
2468 4081 2503 4141 ᾗ
