2667 4475
401 296 536 381 564
1129 288 1433 360 Jus‘m
1480 290 1800 359 mrsu

400 456 604 520 corpus
625 456 768 497 esse.
791 434 947 510 Quid
967 434 1084 494 ita?
1109 435 1252 494 ratio
1275 456 1294 491 =
1322 458 1352 487 α
1378 430 1636 514 δωρον-ὑ
1658 432 1840 501 bona.
1862 442 2557 513 mamper-:mpetu

394 550 906 625 ergosmetetquoe
937 542 1310 603 unianimam
1342 540 1523 601 ethic
1552 549 1927 620 corpu-rest.»
1956 537 2407 599 Profoenomin
2435 540 2551 597 bnt

393 648 600 733 Logica
631 662 717 709 est
736 691 753 722 ,
789 648 850 707 in
877 648 1082 708 nostris
1127 646 1333 707 scholis
1372 665 1491 705 non
1527 644 1721 705 audita
1741 688 1759 719 ,
1790 665 1908 706 non
1936 643 2251 705 audienda.
2286 642 2415 706 sed
2448 668 2551 705 ra-

390 757 605 816 tionem
631 757 827 815 omitto
845 798 863 829 ,
887 774 1010 814 rem
1039 753 1319 815 concutio.
1348 752 1519 813 Certe
1540 750 1743 821 Stoici,
1776 749 1931 833 apud
1948 748 2107 811 Sext.
2136 747 2544 831 Empiriemn,

290 942 294 947 .
389 874 602 945 negant
647 860 864 923 Bonum
904 882 1108 943 eorpus
1151 880 1276 921 esse
1299 905 1315 934 ,
1368 858 1472 919 sed
1516 853 1859 919 Boram.
1904 856 2003 917 Ait
2040 858 2203 917 enim
2242 854 2543 939 (Adrus.

387 966 712 1049 Mathem.)
747 992 764 1027 ε
809 994 837 1021 «ι
861 968 1177 1029 Veritatem
1205 966 1467 1027 nonnulli
1488 967 1813 1047 opinantur,
1854 977 1913 1025 et
1944 966 2203 1025 maxime
2246 964 2436 1025 saniei
2451 1010 2471 1037 ‚
2512 986 2541 1022 a

389 1076 545 1144 Nero
579 1071 806 1135 differre
835 1074 1016 1151 tribus
1041 1072 1224 1133 modis
1242 1117 1261 1146 ,
1293 1072 1559 1134 Essentia
1574 1116 1595 1145 ,
1630 1071 2041 1132 Constitutione
2059 1115 2077 1143 ‚
2110 1071 2385 1131 Virtute.
2426 1070 2541 1131 Es—

386 1184 570 1242 sentia
609 1180 841 1263 quidem
867 1226 884 1255 ,
929 1182 1064 1263 quia
1091 1181 1318 1243 Veritas
1356 1191 1442 1239 est
1476 1178 1715 1261 Corpus.
1756 1178 1976 1239 Verum
2012 1190 2211 1237 autem
2258 1178 2539 1260 inem-po-

386 1312 567 1352 reum.
600 1316 628 1343 ιι
662 1288 956 1372 Amplius,
995 1316 1024 1343 e·
1051 1287 1178 1349 Nox
1198 1332 1216 1361 ,
1258 1286 1400 1349 Dies
1422 1333 1440 1361 ‚
1474 1287 1699 1367 Vesper
1728 1304 1965 1367 corpora
2008 1298 2144 1347 sunt
2166 1308 2187 1343 ε
2220 1313 2251 1339 ιι
2294 1300 2365 1345 et
2400 1285 2537 1367 quid

379 1396 556 1457 verba
592 1396 740 1457 ultra
781 1394 928 1456 facio
948 1395 982 1485 ‘1‘-
1016 1394 1179 1454 initio
1219 1392 1435 1452 dictum
1488 1405 1683 1474 repeto
1705 1435 1725 1464 ‚
1772 1390 2067 1473 Quidquid
2108 1404 2205 1451 ent
2226 1434 2247 1463 ‚
2298 1404 2536 1452 oensem

387 1524 612 1585 corpus.

1073 1686 1126 1747 D
1141 1686 1168 1745 1
1182 1680 1463 1747 ss-ERT
1480 1678 1631 1744 A'T‘I
1647 1685 1697 1745 Ο
1737 1685 1813 1746 V.

380 1847 559 1909 Deum
611 1860 666 1908 et
716 1848 1023 1909 Materiam
1073 1846 1321 1929 Corpora
1359 1870 1479 1910 esse
1513 1848 1715 1908 Stoicis
1762 1871 1783 1907 .·
1816 1858 1873 1907 et
1918 1856 2160 1929 quatuor
2218 1850 2533 1912 duum

1129 1956 1352 2035 pmpn'e
1387 1953 1743 2034 Incorporca.

459 2131 610 2189 Am).
641 2128 843 2190 Fateor
871 2152 987 2189 non
1013 2132 1255 2219 invitum
1285 2152 1379 2192 me
1410 2131 1527 2191 haee
1559 2128 1791 2205 andire,
1822 2134 1931 2191 etsi
1962 2132 2153 2191 anirno
2180 2133 2517 2197 obl-mii.

248 2251 256 2258 ’
375 2234 436 2296 Si
469 2239 622 2298 enim
655 2239 846 2298 omnia
878 2237 996 2297 haee
1031 2239 1278 2320 Corpora
1302 2282 1320 2311 ,
1370 2239 1510 2300 cedo
1529 2283 1546 2313 ,
1580 2239 1719 2320 quid
1748 2240 1923 2321 igitur
1950 2237 2369 2322 incorporeum
2398 2245 2525 2305 est?

381 2365 454 2404 an
504 2344 565 2405 id
595 2345 776 2404 solum
795 2387 812 2416 ,
846 2343 1002 2426 quod
1042 2367 1160 2404 non
1199 2357 1318 2417 est,
1350 2357 1416 2405 ut
1458 2345 1733 2406 Chimaera
1760 2359 1821 2405 et
1856 2345 2216 2408 Centaurus?
2248 2347 2415 2410 ers.
2448 2350 2523 2409 Et

379 2472 485 2534 ego
513 2451 692 2512 libere
718 2449 898 2510 fateor
922 2449 1124 2510 diutile
1151 2451 1212 2511 in
1233 2448 1342 2510 hae
1365 2453 1729 2532 inquisitione
1757 2471 1851 2512 me
1870 2451 2045 2512 fuisse
2066 2497 2085 2526 ‚
2110 2465 2169 2512 et
2188 2453 2515 2516 obhaime.

378 2558 596 2618 Seneca
629 2551 1163 2637 quidem·expedire
1191 2577 1298 2615 nos
1330 2553 1606 2629 debebat,
1642 2570 1701 2616 et
1730 2571 2011 2637 eoeperat,
2044 2559 2145 2618 ubi
2172 2558 2517 2622 divisionum

376 2661 680 2741 Cor-porum
701 2671 758 2720 et
778 2655 1239 2742 Non-corponan
1261 2661 1507 2720 instituit
1530 2685 1547 2720 ε
1572 2660 1675 2720 sed
1700 2660 1982 2737 deseruit,
2016 2675 2075 2722 et
2106 2663 2165 2722 in
2194 2665 2353 2724 vado
2376 2667 2523 2726 reli-

378 2767 522 2847 quit.
551 2765 752 2825 Verba
780 2767 902 2844 ejus
945 2768 1052 2826 ista
1083 2763 1310 2848 (Epist.
1347 2765 1610 2848 Lxxxrx)
1644 2789 1661 2826 ε
1700 2793 1729 2820 α
1764 2765 2045 2828 Naturalis
2083 2789 2221 2850 pars
2254 2771 2521 2832 Philoso-

377 2871 526 2953 phiae
556 2872 614 2929 in
647 2869 760 2930 duo
792 2871 1092 2946 scinditur,
1125 2872 1453 2953 Corporalia
1482 2883 1543 2932 et
1574 2872 1975 2954 Incorporalia.
2011 2874 2337 2955 corporum
2362 2879 2517 2942 loeus

377 2977 652 3040 dividitur
679 2979 742 3038 in
771 2975 874 3038 hos
905 2979 1153 3060 primum
1183 2977 1425 3061 gradus,
1454 2979 1515 3037 in
1547 2999 1614 3037 ea
1642 2998 1768 3060 quae
1798 2977 2068 3054 Faciunt,
2094 2993 2153 3040 et
2176 3005 2313 3064 qun
2332 3007 2411 3045 ex
2430 2985 2515 3045 his

379 3085 728 3167 Gignuntur.
775 3077 1106 3168 Gignuntur
1131 3097 1323 3146 autem
1368 3083 1685 3144 Elementa.
1734 3083 1867 3167 Ipse
1894 3083 2175 3147 Elementi
2212 3089 2381 3151 loeus
2396 3135 2417 3165 ,
2456 3107 2513 3152 ut

375 3192 609 3272 quidam
640 3204 842 3274 putant
858 3238 874 3266 ‚
911 3192 1155 3274 simplex
1184 3205 1272 3251 est
1304 3215 1322 3250 ε
1357 3205 1423 3251 ut
1448 3189 1723 3272 quidam,
1752 3189 1818 3252 in
1848 3192 2148 3254 Materiam
2176 3207 2241 3255 et
2272 3197 2507 3259 Cumani

371 3300 568 3358 omnia
593 3313 916 3360 moventem
937 3344 953 3372 ,
987 3311 1046 3358 et
1071 3297 1368 3358 Elementa
1408 3294 1700 3358 dividitur.
1752 3297 2019 3380 Superest
2056 3313 2123 3359 ut
2148 3299 2509 3365 Rationalem

377 3416 596 3484 partem
627 3405 996 3487 Philosophiae
1041 3404 1380 3465 dividamus.
1422 3431 1451 3458 ι»
1495 3403 1647 3464 Ecce
1688 3406 1997 3465 institutam
2036 3406 2385 3470 divisionem
2404 3455 2425 3485 ‚
2456 3425 2505 3470 et

373 3529 554 3568 unum
577 3522 746 3590 eaput
773 3512 1101 3591 exsequitur
1129 3510 1205 3572 de
1233 3511 1577 3592 Corporibus
1602 3533 1619 3570 ε
1648 3499 1889 3570 alterum
1916 3511 1991 3571 de
2019 3510 2385 3595 Incorporeis
2404 3539 2505 3577 nee

373 3616 548 3675 verbo
569 3617 769 3697 tangit.
801 3617 1049 3676 Consilio
1075 3629 1175 3678 aut
1195 3617 1459 3700 neglectu
1480 3619 1600 3697 ejus
1622 3618 1894 3678 omissum
1910 3660 1927 3691 ,
1954 3639 2029 3678 an
2050 3619 2283 3701 ignavia
2302 3625 2503 3683 exseri-

373 3734 600 3803 ptorum
620 3763 637 3794 ,
671 3741 785 3780 non
815 3721 1024 3781 definio
1061 3745 1079 3780 =
1125 3721 1228 3782 sed
1257 3721 1367 3782 hoe
1394 3723 1545 3782 clare
1586 3721 1787 3782 haurio
1802 3767 1819 3798 ,
1852 3724 1976 3803 ipsa
2003 3725 2189 3804 prima
2222 3726 2498 3810 Principia

371 3827 618 3908 Corpora
650 3845 772 3887 esse
787 3871 802 3902 ‚
831 3823 1140 3888 Materiam
1158 3839 1214 3889 et
1235 3827 1505 3890 Causam.
1530 3827 1608 3890 Et
1624 3829 1699 3889 de
1716 3829 1960 3890 Materia
1984 3829 2219 3912 quidem
2236 3834 2359 3912 jam
2376 3849 2497 3894 ante

371 3935 502 3993 satis
530 3922 1174 4016 limavirnus(Disse1-t.
1201 3956 1246 3995 11
1270 3932 1479 4018 snpra)
1496 3981 1514 4010 ,
1539 3935 1637 3996 uhi
1676 3935 1751 3996 de
1776 3957 1845 3995 ea
1872 3934 2089 3997 dietum
2114 3961 2135 3996 ε
2162 3937 2269 3997 sed
2294 3937 2497 4000 Lau-tii

367 4041 538 4100 etiam
559 4041 734 4101 verba
759 4052 893 4102 eunt
908 4083 924 4115 ,
954 4061 1078 4120 quae
1107 4040 1182 4101 de
1203 4053 1443 4123 utroquo
1464 4041 1745 4124 principio
1770 4042 2060 4104 evincunt.
2094 4044 2255 4107 Inter
2276 4044 2457 4107 Staie-
2474 4091 2489 4120 ,
