2667 4475
441 329 579 397 556
1171 262 1472 396 JUsT'l
1520 324 1847 395 LIPSII

440 472 640 554 atquin
679 470 740 531 id
779 472 968 551 ipsum
1007 470 1252 530 Materia
1273 472 1377 529 sit.
1410 470 1555 530 Nam
1588 470 1735 531 illud
1770 472 2099 543 Democriti
2146 475 2413 533 effatum
2444 496 2603 531 oman

439 588 782 658 receperunt
811 599 828 634 ε
867 602 900 635 a
925 575 1084 636 Nihil
1105 598 1180 637 ex
1207 575 1389 635 nihilo
1416 578 1578 658 gigni
1596 620 1619 649 2
1646 576 1791 635 nihil
1818 579 1881 635 in
1918 578 2186 638 nihilum
2218 580 2475 639 reverti.
2506 610 2533 629 ι-
2558 580 2589 635 Ε

441 695 634 743 tamen
649 727 666 756 ,
697 681 856 764 quod
881 684 1090 742 mirere
1103 726 1120 757 ,
1153 681 1369 743 Seneca
1396 680 1621 741 dubitat
1644 725 1661 757 ‚
1690 704 1765 742 an
1796 684 1957 743 Deus
1979 684 2266 743 Materiae
2285 698 2522 743 auctor.
2544 687 2596 743 le

439 792 594 851 enim
625 793 686 849 iu
731 789 1146 865 Quaestiombus
1187 788 1553 849 Naturalibus
1582 812 1619 848 ,ε
1672 814 1699 843 α
1736 790 1922 863 Quam
1966 790 2121 849 utile
2174 792 2497 851 existimas
2520 793 2593 848 isa

436 919 778 981 cognoscere
799 910 858 957 et
877 871 1048 957 rebus
1069 898 1345 958 terminos
1366 897 1627 978 ponere?
1654 910 1933 977 quantum
1961 899 2131 959 Deus
2160 901 2411 981 possit?
2438 900 2597 959 Masih

437 1004 582 1063 riam
611 1006 734 1085 ipse
759 1003 872 1061 sibi
901 1002 1112 1063 formet-
1135 1026 1154 1074 ς
1180 1024 1256 1062 an
1282 1002 1415 1063 data
1443 1002 1680 1063 utatur?
1709 1030 1737 1057 n
1764 1005 2005 1065 Dubitat
2028 1026 2177 1065 eece
2204 1050 2226 1079 ‚
2258 1006 2436 1089 quod
2462 1007 2595 1065 ebri-

437 1112 653 1169 stianos
688 1110 971 1191 quosdam
993 1132 1108 1169 non
1141 1122 1228 1170 est
1251 1110 1517 1190 puditum
1546 1123 1745 1171 contra
1770 1111 2061 1171 affirmare
2083 1155 2103 1186 ‚
2142 1125 2213 1171 et
2246 1136 2397 1173 cum
2428 1116 2589 1195 prim·

436 1204 736 1277 Miteniam
759 1229 1050 1278 aeternare.
1085 1217 1136 1276 Ii
1163 1215 1324 1277 fuere
1346 1216 1605 1277 Marcion
1628 1231 1687 1278 et
1710 1219 2117 1301 Hermogenes
2143 1218 2427 1280 haeretici
2442 1264 2463 1290 ‚
2482 1240 2589 1300 qum·

436 1323 802 1384 Mater-iarios
829 1322 965 1383 ideo
988 1324 1373 1383 Tertullianus
1396 1324 1667 1405 appellat.
1692 1322 1807 1385 Sed
1828 1325 2051 1385 Seneca
2079 1328 2199 1385 etsi
2222 1326 2483 1399 dubitat,
2504 1348 2589 1385 n·

435 1442 628 1491 tamen
655 1443 722 1491 ut
746 1429 964 1490 Stoicus
990 1473 1007 1504 ,
1041 1452 1284 1510 quorum
1309 1442 1653 1512 perpetuum
1682 1430 1790 1491 hoc
1816 1431 2024 1514 dogma
2050 1474 2071 1503 ,
2104 1444 2177 1491 ut
2202 1432 2337 1493 sere
2366 1434 2590 1514 philus>-

435 1538 701 1618 phorum.
719 1536 876 1613 Quos
893 1536 1144 1597 refutant
1161 1536 1316 1617 apud
1333 1536 1647 1597 Eusebium
1656 1520 1802 1619 (lib.
1824 1538 1940 1597 vll
1956 1581 1973 1611 ,
1999 1539 2335 1621 Praeparat.
2362 1538 2587 1621 Evangf·

436 1645 746 1727 Dionysius
761 1688 780 1719 ,
803 1644 1080 1731 Oi-igenes
1097 1688 1114 1719 ,
1146 1643 1308 1706 Philo
1321 1688 1345 1718 2
1366 1644 1657 1705 Maximus
1684 1668 1701 1702 ε
1726 1645 2121 1717 Tertullianus
2142 1644 2437 1729 (Advers.
2466 1649 2585 1707 Heu»

435 1773 590 1833 mog.
612 1751 718 1810 lib.
743 1750 805 1809 ΙΙ
823 1793 841 1826 ,
874 1771 1002 1833 cap.
1024 1749 1101 1835 9)
1127 1794 1144 1825 ,
1173 1764 1238 1811 et·
1249 1750 1575 1811 Lactantius
1596 1794 1613 1824 ‚
1646 1763 1705 1811 et
1722 1750 1913 1811 Latini
1928 1754 2117 1812 nostri
2136 1756 2397 1833 passim.
2420 1753 2585 1812 ἕλετ-

438 1880 572 1918 nam
599 1858 776 1939 igitur
801 1869 1059 1917 statuunt
1088 1880 1106 1915 ε
1137 1857 1243 1918 sed
1282 1857 1444 1917 illam
1479 1857 1729 1917 Primam
1771 1871 1830 1918 et
1856 1859 2282 1920 Communem.
2324 1861 2421 1920 Ita
2458 1862 2581 1919 enixa

439 1961 844 2023 Laertius-eam
863 1962 1162 2045 distinguit
1183 1986 1202 2021 ε
1235 1989 1264 2017 α
1291 1963 1597 2044 Duplicem
1620 1984 1743 2023 esse
1759 2007 1775 2038 ,
1796 1964 2053 2023 omnium
2080 1978 2143 2025 et
2158 1964 2575 2049 Singulorum.-

439 2069 552 2129 Illa
569 2068 842 2128 Omnium
866 2110 884 2143 ‚
911 2081 997 2129 est
1024 2067 1140 2127 hac
1169 2069 1393 2141 Prima3
1428 2068 1536 2127 Illa
1556 2068 1919 2151 Singulorum
1942 2112 1960 2143 ,
1987 2082 2079 2129 est
2108 2070 2479 2131 secundaria
2498 2114 2513 2139 ‚
2532 2071 2577 2127 in

438 2176 554 2238 tale
576 2198 642 2235 ac
661 2176 776 2237 tale
801 2197 1008 2258 corpus
1031 2174 1293 2235 formata.
1327 2174 1476 2250 Quia
1496 2176 1670 2258 igitur
1696 2176 1796 2235 illa
1823 2175 2014 2235 Prima
2034 2188 2264 2237 aterna
2282 2222 2300 2252 ‚
2328 2176 2573 2238 additur:

443 2311 481 2342 ιι
505 2282 706 2366 Neque
738 2305 993 2344 crescere
1009 2329 1030 2359 ,
1061 2305 1250 2364 neque
1277 2283 1628 2348 decrescere.
1670 2309 1699 2336 n
1731 2281 1856 2344 Etsi
1890 2285 2045 2344 enim
2074 2283 2358 2346 diffusior
2384 2299 2481 2346 aut
2502 2307 2575 2344 n-

439 2391 558 2452 rior
583 2392 706 2452 fieri
722 2403 910 2474 potest
928 2433 945 2466 ‚
971 2403 1038 2450 ut
1059 2392 1120 2450 in
1142 2387 1427 2470 Ecpyrosi.
1442 2412 1621 2471 quum
1640 2390 1903 2450 Vacuum
1926 2411 2101 2450 omne
2121 2393 2341 2474 implet
2362 2415 2381 2450 ε
2413 2406 2573 2451 tame·

441 2501 568 2580 ipsa
596 2521 713 2562 nou
735 2499 969 2571 crescit,
995 2510 1054 2558 et
1075 2498 1332 2558 extensio
1360 2499 1423 2557 in
1440 2496 1613 2557 modo
1643 2509 1731 2556 est
1750 2540 1766 2573 ,
1792 2518 1909 2558 non
1937 2499 1999 2557 in
2030 2501 2287 2558 essentia
2315 2522 2573 2582 angmen-

439 2619 580 2666 tum.
615 2605 770 2664 Zeno
811 2603 926 2686 (In
954 2604 1112 2664 stol».
1146 2603 1318 2684 Phys.
1342 2601 1425 2686 )·=·
1456 2631 1491 2657 κ.
1518 2604 1683 2663 Illam
1712 2615 1981 2664 aeternam
2006 2647 2025 2680 ‚
2080 2625 2287 2686 neque
2326 2612 2569 2686 majos-eu

439 2733 630 2793 neque
649 2711 927 2771 minorem
949 2711 1073 2770 fieri
1097 2733 1114 2768 ε
1143 2723 1204 2769 at
1225 2721 1417 2790 partes
1440 2711 1563 2788 ejus
1586 2733 1699 2769 non
1723 2710 1953 2770 easdem
1980 2731 2221 2770 manere
2244 2755 2263 2784 ,
2290 2713 2395 2772 sed
2422 2735 2569 2794 sepa-

441 2819 589 2891 rari,
611 2828 671 2877 et
687 2818 1102 2878 commisceri.»
1127 2817 1391 2899 Separari
1406 2859 1423 2889 ‚
1448 2837 1627 2896 quum
1648 2817 1911 2876 interitus
1938 2839 1953 2886 ;
1978 2817 2211 2875 misceri
2236 2860 2256 2890 ,
2288 2820 2389 2878 uhi
2416 2839 2569 2900 geue-

441 2925 585 2985 ratio
605 2924 1012 2985 consideratur.
1042 2924 1190 2983 Nam
1209 2935 1393 2983 totum
1412 2923 1521 2982 hoc
1546 2925 1701 2982 nasci
1726 2936 1828 2982 aut
1846 2924 2037 3005 perire
2061 2966 2078 2997 ‚
2102 2923 2257 3004 quid
2274 2927 2388 2984 nisi
2408 2925 2567 2984 sonna

441 3032 586 3092 alius
615 3045 786 3114 atque
814 3033 956 3091 alius
985 3029 1239 3090 inductio
1267 3043 1353 3089 est
1376 3073 1393 3104 ‚
1444 3029 1688 3089 Materia
1716 3030 1901 3112 prima
1944 3031 2371 3112 permanente?
2402 3031 2563 3090 Philo-

442 3138 750 3219 sophorum
779 3138 985 3198 scholis
1015 3137 1134 3197 haec
1163 3137 1462 3198 decantata
1485 3179 1502 3210 ,
1526 3136 1632 3197 sed
1657 3149 1715 3197 et
1734 3137 1993 3197 versibus
2016 3151 2351 3217 poetarum.
2378 3138 2562 3220 Pytha-

447 3267 610 3328 goras
639 3246 796 3328 apud
827 3244 1098 3305 Ovidium
1131 3269 1150 3302 ε

767 3381 866 3430 Nec
891 3378 1018 3448 perit
1039 3378 1092 3426 in
1113 3383 1252 3426 tanto
1275 3375 1548 3444 quidquam
1568 3411 1582 3436 ,
1608 3374 1729 3424 mihi
1752 3373 1932 3426 credite
1950 3408 1979 3436 ,ι
1992 3376 2185 3427 mundo
2204 3414 2221 3438 ‚

771 3468 871 3519 Sed
893 3469 1046 3518 variat
1067 3503 1083 3529 ,
1111 3465 1382 3534 faciemque
1405 3471 1585 3528 novat5
1610 3465 1839 3533 nascique
1864 3475 2067 3518 vocatur

773 3560 988 3628 Incipere
1013 3577 1112 3610 esse
1138 3557 1272 3609 aliud
1289 3593 1303 3619 ‚
1331 3574 1483 3626 quam
1506 3553 1643 3624 quod
1668 3553 1761 3606 fuit
1782 3564 1893 3607 ante
1914 3579 1932 3622 3
1958 3559 2188 3628 morique
2196 3597 2219 3623 ,

769 3651 995 3702 Desinere
1017 3649 1142 3702 illud
1165 3650 1314 3701 idem.
1367 3649 1477 3718 (XV
1501 3648 1844 3718 metamorph.)

451 3773 622 3836 Poeta
651 3770 796 3834 alius
831 3792 847 3828 ε

771 3901 918 3953 Cedit
941 3901 1072 3950 enim
1094 3917 1256 3951 rerum
1278 3903 1494 3952 novitate
1511 3907 1705 3952 extrusa
1727 3907 1950 3951 vetustas·

771 3996 1010 4060 Semper,
1035 3991 1701 4062 etexaliisaliudrepararo
1726 3999 2109 4054 neocaesarea,

781 4086 882 4136 Nec
903 4081 1175 4150 quidqumn
1197 4083 1250 4134 iu
1275 4081 1558 4136 barathrum
1583 4099 1673 4136 nec
1695 4085 1891 4136 Tartara
1912 4082 2101 4136 decidit
2122 4083 2247 4138 ima.
2274 4087 2511 4158 (Lucan.)
2615 4075 2616 4104 ¹
