2667 4475
239 442 305 511 44

240 1370 305 1441 45

908 288 990 357 L.
1046 286 1403 357 ANNAEI
1448 284 1883 357 SENECAE

354 442 497 487 rem
521 422 570 500 ¹,
603 441 738 511 qua
771 421 1031 513 putavit
1057 421 1387 490 Caesarem
1418 419 1724 513 dignum.
1766 418 2003 488 Amico
2032 442 2217 513 aegro
2246 418 2522 511 aliquis

353 532 637 620 assidet3
689 534 1050 628 probamus
1099 564 1115 603 :
1162 551 1272 621 at,
1312 534 1445 603 hoc
1497 536 1557 602 si
1599 533 1998 605 hereditatis
2040 558 2243 604 causa
2286 536 2459 604 facit
2490 585 2513 617 ,

355 649 586 719 vultur
609 657 782 735 est²‚
816 651 1105 725 oedaver
1131 667 1500 746 exspectat.

448 766 698 837 Eadem
725 784 844 837 aut
871 772 1100 863 turpia
1127 785 1283 846 sunt
1306 819 1329 853 ,
1379 776 1499 837 aut'
1531 770 1815 837 honesta
1836 760 1861 804 ³
1901 796 1917 835 :
1949 768 2198 853 refert,
2232 792 2457 861 quare
2486 819 2511 851 ‚

353 900 472 952 aut
512 886 1078 977 quemadmodum
1125 887 1317 955 fiant.
1359 888 1605 953 Omnia
1641 901 1867 954 autem
1904 883 2189 954 honeste
2230 878 2259 929 ⁴
2282 886 2465 953 fient
2488 935 2512 965 ,

356 1000 414 1066 s'i
448 997 737 1069 honesto
786 1023 912 1067 nos
951 997 1413 1068 addixerimus
1435 1048 1453 1082 ,
1508 993 1719 1090 idque
1764 1022 1973 1067 unum
2011 1000 2089 1066 in
2131 997 2340 1066 rebus
2370 998 2524 1065 hu-

355 1114 572 1182 manis
597 1114 850 1185 honum
866 1113 1427 1208 judicaverimus,
1458 1137 1747 1209 quaeque
1774 1138 1854 1183 ex
1884 1138 1968 1183 eo
1994 1128 2176 1182 sunt.
2204 1116 2515 1197 Caetera,

356 1229 432 1296 in
459 1227 640 1299 diem
665 1228 844 1297 bona
871 1244 1053 1297 sunt.
1097 1232 1278 1323 Ergo
1314 1216 1516 1321 infigi
1546 1228 1753 1295 debet
1787 1228 2137 1321 persuasio
2169 1226 2259 1295 ad
2292 1242 2523 1295 totam

367 312 488 357 120

331 1346 707 1436 pertinens
739 1347 988 1431 vitam3
1033 1346 1166 1413 hoc
1205 1359 1306 1412 est
1327 1392 1347 1427 ,
1402 1341 1587 1435 quod
1632 1344 1967 1410 decretum
2011 1364 2206 1411 voco.
2256 1343 2525 1435 Qualis

355 1458 505 1528 haec
527 1464 886 1555 ,persuasio
925 1462 1130 1531 fuerit
1151 1510 1174 1544 ,
1213 1456 1375 1528 talia
1412 1475 1615 1561 erunt
1632 1510 1655 1545 ‚
1688 1484 1837 1551 quae
1861 1475 2176 1551 agentur,
2215 1482 2369 1551 quae
2398 1482 2523 1527 co-

357 1576 755 1669 gitabuntur
791 1604 808 1645 ε
841 1577 1069 1669 qualia
1097 1593 1321 1646 autem
1362 1577 1511 1645 haec
1552 1577 1845 1660 fuerint,
1883 1576 2037 1643 talis
2065 1577 2201 1646 vita
2234 1577 2390 1643 erit.
2424 1578 2523 1643 In

357 1692 725 1784 particulas
744 1686 1090 1776 suasisse⁵,
1117 1709 1329 1761 totum
1358 1692 1701 1761 ordinanti
1720 1716 1961 1787 parum
1986 1708 2111 1760 est.
2130 1694 2231 1759 M.
2256 1694 2523 1761 Brutus

357 1807 433 1873 in
461 1832 543 1875 eo
574 1806 752 1876 libro
773 1860 791 1892 ,
828 1832 1030 1900 quem
1057 1810 1198 1913 περὶ
1231 1808 1644 1892 Καθήκοντος
1679 1810 2031 1901 inscripsit
2050 1800 2102 1891 ⁶,
2148 1807 2266 1877 dat
2292 1794 2521 1875 multa

355 1938 698 2017 praeccpta
728 1940 797 1992 et
826 1926 1224 2018 parentibus
1257 1941 1327 1993 et
1362 1924 1597 1993 liberis
1626 1940 1694 1993 et
1720 1924 2044 1993 fratribus
2078 1952 2092 1991 :
2126 1923 2276 1993 haec
2302 1910 2519 1991 nenio

358 2038 562 2115 faciet
584 2088 603 2122 ,
637 2040 1199 2132 quemadmodum
1226 2041 1465 2123 debet,
1496 2042 1628 2109 nisi
1654 2041 1977 2109 habuerit
2000 2092 2019 2125 ,
2053 2064 2191 2133 quo
2218 2038 2509 2108 referat.

358 2156 823 2248 Proponamus
869 2174 1134 2252 oportet
1177 2160 1385 2227 finem
1422 2160 1665 2227 summi
1700 2158 1909 2244 Boni,
1959 2157 2047 2227 ad
2088 2180 2289 2251 quem
2333 2157 2523 2224 nita-2

362 2296 539 2355 mur,
569 2272 657 2358 ad
681 2295 883 2366 quem
903 2299 1102 2344 omne
1123 2277 1369 2344 sactum
1394 2291 1701 2364 nostrum
1726 2273 2117 2381 dictumque
2142 2275 2513 2369 respiciam

363 2388 574 2468 veluti
617 2379 1097 2485 navigantibus
1139 2389 1228 2459 ad
1261 2388 1543 2482 aliquod
1578 2388 1767 2459 sidus
1794 2389 2195 2484 dirigendus
2223 2405 2325 2460 est
2346 2413 2521 2458 cur-2

319 2652 326 2660 ¹
359 2602 460 2652 que
501 2584 654 2636 etiam
695 2606 814 2639 vera
856 2587 997 2640 haud
1039 2587 1192 2640 dubie
1230 2575 1385 2640 fixerit

359 2662 603 2734 scriptura
619 2681 647 2715 a
665 2663 812 2718 Pinc.
835 2686 863 2718 e
885 2665 987 2718 suis
1004 2665 1380 2730 commendata,

361 2749 412 2790 et
433 2739 552 2791 dein
573 2759 602 2791 a
623 2739 760 2793 Mur.
783 2756 1006 2815 recepta,
1035 2744 1097 2794 ab
1121 2743 1234 2796 aliis
1261 2762 1380 2796 vero

362 2815 556 2868 deserta
568 2853 583 2881 ,
603 2836 706 2870 non
719 2821 805 2872 illa·
815 2859 828 2885 ,
846 2823 942 2889 qui
951 2832 1148 2874 emerat
1159 2829 1220 2874 ut
1240 2820 1383 2872 Tibe-

359 2895 436 2946 n'o
465 2897 715 2961 retineret,
735 2916 1043 2968 quanquam
1061 2900 1216 2951 illum
1238 2917 1382 2965 quo-

362 2989 462 3041 que
481 2975 824 3042 reprendet-im
845 2993 862 3026 .·
883 2976 1184 3028 admiratus
1201 2985 1392 3036 est,etc.

366 3049 633 3103 Servatum
669 3050 821 3104 etiam
861 3071 964 3104 non
1009 3055 1094 3106 5110·
1130 3053 1184 3104 in
1219 3066 1393 3124 nostro

367 3147 460 3181 ms.
483 3145 522 3181 c.
545 3141 594 3180 et
613 3149 672 3182 ex
691 3141 829 3201 parte
849 3129 904 3182 in
929 3129 1010 3183 ed.
1025 3131 1080 3184 Α
1097 3129 1153 3182 in
1174 3151 1273 3202 qua
1289 3149 1394 3183 mm

363 3208 469 3260 ille.
503 3207 878 3276 Reprendere'm
917 3227 1008 3283 pro
1053 3208 1195 3281 vulg.
1234 3227 1394 3278 repre·

365 3283 515 3342 bend.
540 3285 684 3338 dedit
705 3305 798 3338 ms.
817 3306 870 3338 a.
891 3285 1054 3340 δάιον.

435 3383 479 3414 ι.
515 3365 832 3419 Admiratus
865 3377 946 3419 est
967 3385 1124 3419 nm...
1149 3367 1383 3436 dignum.

363 3441 488 3494 Non
500 3442 621 3494 emit
635 3441 848 3496 luxurie
862 3462 1008 3496 causa
1019 3483 1034 3510 ,
1052 3442 1140 3496 sed
1155 3455 1213 3495 ut
1225 3443 1387 3495 mullo

366 3521 580 3573 donaret
607 3519 886 3586 Caesarem,
913 3539 1068 3592 quem
1093 3520 1258 3574 solum
1285 3533 1394 3580 tam

363 3598 581 3674 pretioso
603 3619 813 3662 munere
831 3599 1046 3671 dignum
1069 3599 1288 3670 putabat.

431 3698 478 3730 2.
505 3680 702 3732 Vultur
725 3691 820 3732 est.
837 3677 1142 3731 convicium
1164 3677 1222 3730 in
1247 3677 1388 3734 here.-

367 3757 585 3829 dipetas,
623 3767 672 3808 et
695 3757 786 3827 qui
815 3757 970 3808 funus
993 3767 1276 3828 exspectant
1309 3775 1323 3810 :
1356 3775 1388 3808 a

366 3847 547 3888 natura
575 3834 706 3901 avis,
737 3851 852 3904 que
881 3831 1208 3886 cadaveribus
1234 3834 1388 3904 pasci·

366 3925 460 3966 tur.
487 3912 715 3966 Catullus
738 3929 751 3965 ε
777 3933 804 3960 α
829 3910 1050 3964 suscitat
1066 3930 1096 3963 a
1113 3931 1239 3964 cano
1260 3911 1387 3964 vul—

365 3993 556 4046 turium
590 3991 812 4066 capite.»
845 3989 1095 4043 Martialis
1129 4007 1144 4042 z
1175 4010 1204 4038 α
1227 3987 1385 4061 Cujus

365 4071 578 4128 vulturis
621 4072 721 4126 hoe
751 4071 846 4125 erit
881 4066 1138 4124 cadaver?
1159 4090 1188 4118 w
1219 4069 1385 4123 Em-

1478 2603 1592 2637 mus
1624 2585 1856 2656 proverb.
1884 2605 1999 2658 pag.
2028 2585 2127 2638 283
2154 2583 2519 2638 ed-Wechel.

1484 2664 1632 2731 1643,
1648 2665 1719 2716 sic
1735 2664 1949 2736 explicat
1961 2664 2057 2717 hoc
2072 2662 2310 2734 adagium
2331 2680 2344 2714 ε
2359 2683 2387 2708 σι
2396 2663 2519 2731 Qui

1477 2761 1600 2795 vero
1632 2742 1870 2794 duntaxat
1896 2740 2149 2810 obsequiis
2174 2753 2223 2794 et
2244 2739 2521 2792 adulatio-

1478 2821 1627 2873 nibus
1650 2832 1995 2894 aucupantur,
2022 2831 2076 2870 ut
2098 2818 2406 2871 misceantur
2428 2830 2525 2870 te·-

1480 2909 1729 2951 stamento
1745 2935 1761 2962 ,
1781 2897 2004 2950 vultures
2022 2895 2295 2970 proverbio
2314 2895 2527 2950 dieun-

1490 2988 1588 3028 tur.
1610 2999 1638 3025 a»

1556 3051 1606 3104 3.
1628 3054 1745 3106 Aut
1766 3057 1944 3122 turpia
1978 3063 2101 3105 sunt
2118 3091 2133 3119 ,
2165 3061 2263 3104 aut
2282 3051 2525 3104 honesta.

1488 3127 1615 3186 Et...
1642 3141 1693 3183 et
1721 3131 1840 3184 hon.
1872 3130 1953 3185 ed.
1976 3131 2114 3184 Mur.
2136 3143 2185 3182 et
2208 3149 2316 3200 sqq.
2334 3127 2524 3182 invitis

1486 3207 1633 3262 libris
1654 3223 1771 3263 vett.
1794 3209 1954 3264 Scbw.

1556 3288 1606 3353 4.
1632 3288 1865 3341 Honeste
1874 3291 2033 3359 fient.
2050 3289 2268 3341 Temere
2292 3287 2521 3340 honesta

1465 3367 1615 3436 fient-
1629 3365 1713 3417 ed.
1740 3365 1853 3439 Bip.
1876 3379 1925 3418 et
1942 3367 2115 3420 Ruhk.
2138 3366 2301 3420 Schae.

1552 3445 1599 3496 5.
1611 3445 1683 3496 In
1688 3446 1986 3512 particulas
2002 3447 2287 3497 suasisse...
2297 3451 2393 3495 est.
2408 3443 2519 3512 Qui

1485 3521 1701 3575 decretis
1716 3533 1877 3573 totum
1898 3521 2265 3594 complectitur,
2278 3521 2529 3592 cipetum

1486 3612 1561 3652 est
1588 3599 1643 3652 in
1674 3600 1943 3671 particulas
1970 3601 2123 3654 totius
2145 3600 2373 3654 suasisse.
2398 3599 2479 3652 R.

1560 3677 1609 3728 6.
1636 3677 1718 3729 M.
1745 3675 1999 3731 Brutus...
2024 3679 2302 3744 inscripsit.
2322 3678 2523 3729 Omnia

1484 3753 1666 3827 scripta
1704 3754 1853 3826 hujus
1879 3755 2075 3808 statoris
2112 3754 2356 3808 libertatis
2383 3754 2521 3808 inte-

1484 3833 1611 3886 riere
1634 3847 1810 3906 praeter
1829 3834 2079 3908 epistolas.
2094 3834 2287 3889 Cetera
2306 3835 2525 3887 laudant

1482 3913 1667 3981 Bayle,
1691 3911 1891 3978 Brut&
1916 3913 2521 3970 G.F·bric.Bibl.Graee.

1482 3991 1599 4046 Vol.
1614 3993 1712 4056 111,
1727 4013 1774 4064 p.
1790 3993 1915 4058 5453
1936 3991 2090 4046 Saea-e
2110 3993 2169 4046 in
2182 3993 2453 4046 onomast.
2472 3995 2517 4059 1,

1481 4088 1529 4143 p.
1552 4089 1661 4140 17o.
1688 4069 1899 4124 Librum
1918 4070 2114 4126 huncce
2134 4072 2297 4144 citant
2310 4086 2361 4126 et
2374 4072 2513 4138 Cha·-
