2667 4475
273 1007 329 1055 ⁸7

967 272 1049 339 L.
1107 236 1461 338 ANN'AEI
1508 268 1943 342 SENECAE

480 402 632 467 Non
669 398 800 467 fuit
831 414 966 466 tam
995 398 1272 467 inimica
1309 413 1587 482 natura,
1630 414 1743 480 ut,
1778 419 1987 490 quum
2022 396 2335 465 omnibus
2364 394 2535 465 aliis

383 515 787 586 animalibus
837 515 1102 585 facilem
1153 528 1379 583 actum
1428 516 1584 583 vitae
1626 512 1834 581 'daret
1850 561 1873 598 ,
1913 512 2117 581 homo
2162 511 2343 581 solus
2378 534 2535 579 non

383 647 610 726 posset
641 632 790 700 sine
831 646 928 699 tot
969 629 1231 698 artibus
1257 630 1515 699 vivere.
1546 627 1739 698 Nihil
1775 628 2022 697 horum
2057 627 2145 696 ab
2175 626 2295 695 illa
2322 625 2535 694 nobis

384 752 784 844 imperatum
833 762 978 831 est,
1035 745 1212 813 nihil
1254 768 1435 839 aegre
1490 743 1976 837 quoerendum‚
2018 760 2097 813 ut
2132 745 2341 837 possit
2378 744 2537 811 vita

385 864 694 958 produci.
735 862 842 932 Ad
879 875 1113 955 parata
1140 865 1158 896 ¹
1201 862 1343 928 nati
1377 885 1606 929 sumus
1640 888 1657 927 t
1690 883 1813 929 nos
1852 862 2077 929 omnia
2103 860 2302 930 nobis
2326 858 2539 927 diffi-

385 982 541 1052 cilia
577 980 874 1048 facilium
921 976 1189 1046 fastidio
1237 976 1537 1045 fecimus.
1587 978 1803 1045 Tecta
1848 991 2370 1067 tegumentaque
2389 1024 2413 1061 ‚
2454 990 2537 1043 et

387 1100 680 1168 fomenta
725 1118 1122 1189 corporum,
1175 1108 1245 1161 et
1285 1090 1465 1173 cibi,
1514 1108 1587 1161 et
1626 1116 1779 1185 quae
1821 1117 2007 1162 nunc
2039 1094 2283 1187 ingens
2312 1114 2537 1185 nego-

385 1213 554 1279 tium
590 1211 767 1279 facta
801 1196 959 1276 sunt
982 1256 1002 1291 ‚
1045 1206 1244 1275 obvia
1275 1222 1473 1277 crant
1490 1256 1511 1290 ‚
1560 1223 1629 1276 et
1663 1208 1951 1302 gratuita
1981 1258 2000 1292 ,
2042 1223 2111 1276 et
2142 1228 2349 1299 opera
2388 1206 2535 1274 levi

385 1326 756 1423 parabilia3
793 1323 1027 1415 modus
1059 1325 1242 1391 enim
1273 1324 1575 1393 omnium
1592 1374 1611 1406 ,
1648 1340 1850 1417 prout
1875 1322 2259 1418 postulabat
2282 1344 2539 1391 neces-

385 1445 586 1529 sitas,
621 1457 800 1525 era13
832 1462 953 1508 nos
979 1441 1104 1508 ista
1134 1438 1431 1533 pretiosa
1452 1488 1475 1525 ,
1514 1462 1637 1507 nos
1664 1438 1869 1522 mira,
1902 1462 2027 1507 nos
2054 1440 2319 1532 magnis
2346 1439 2537 1507 mul-

387 1561 608 1651 tisque
634 1552 1099 1647 conquirenda
1122 1553 1387 1625 artibus
1414 1552 1721 1622 fecimus.
1755 1553 2025 1623 sufficit
2045 1552 2134 1621 ad
2156 1552 2228 1622 id
2244 1568 2493 1623 natura
2510 1604 2533 1638 ,

391 1676 578 1769 quod
611 1674 853 1768 poscit.
897 1674 956 1742 A
991 1688 1232 1741 natura
1267 1670 1538 1785 luxuria
1570 1671 1894 1758 descivit3
1926 1696 2079 1763 quae
2116 1671 2427 1765 quotidie
2462 1698 2544 1743 se

395 1793 542 1884 ipsa
564 1790 826 1870 incitat,
853 1801 923 1854 et
944 1802 1042 1854 tot
1063 1784 1324 1859 saeculis
1345 1787 1588 1855 crescit
1604 1835 1622 1869 ‚
1648 1801 1718 1853 et
1741 1787 2022 1881 ingenio
2041 1783 2321 1881 adjuvat
2338 1790 2536 1857 vitia.

392 1907 624 1975 Primo
657 1925 1068 1998 supervacua
1107 1903 1308 1997 coepit
1350 1902 1837 1993 concupiscere
1861 1952 1883 1986 ,
1937 1898 2101 1970 inde
2142 1906 2485 1973 contraria
2514 1954 2537 1985 ‚

394 1998 757 2089 novissime
790 2020 1090 2086 animum
1126 2020 1399 2112 corpori
1429 2016 1723 2104 addixit,
1770 2033 1841 2086 et
1866 2017 2053 2086 illius
2076 2017 2427 2088 deservire
2458 2018 2549 2087 li-

395 2134 616 2205 bidini
655 2134 880 2227 jussit.
945 2135 1198 2203 Omnes
1249 2136 1393 2202 istae
1436 2148 1618 2203 artes
1644 2184 1663 2217 ,
1710 2133 1963 2227 quibus
1996 2150 2115 2202 aut
2162 2138 2189 2169 ²
2210 2136 2549 2203 excitatur

393 2254 630 2322 civitas
656 2269 773 2319 aut
799 2253 1043 2344 strepit
1063 2301 1082 2333 ,
1123 2252 1431 2344 corporis
1458 2251 1808 2345 negotium
1838 2266 2086 2344 gerunt
2111 2279 2131 2338 ς
2176 2251 2287 2320 cui
2314 2253 2549 2319 omnia

397 2369 560 2440 olim
611 2382 930 2461 tanquam
983 2391 1180 2435 servo
1227 2367 1725 2461 praestabantur
1763 2416 1782 2449 ,
1833 2390 2021 2435 nunc
2056 2383 2378 2457 tanquam
2422 2364 2553 2434 do—

399 2486 585 2552 mino
618 2499 970 2578 parantur.
1020 2484 1258 2576 Itaque
1297 2477 1506 2553 hinc³
1556 2497 1933 2569 textorum,
1982 2481 2149 2551 hinc
2198 2481 2554 2550 fabrorum

400 2601 690 2672 officinae
719 2617 913 2685 sunt,
957 2601 1121 2672 hinc
1148 2600 1391 2669 odores
1426 2600 1860 2692 coquentium
1880 2649 1900 2682 ,
1943 2599 2110 2666 hinc
2138 2597 2375 2668 molles
2400 2621 2557 2666 cor-

402 2719 591 2810 poris
627 2733 845 2788 motus
890 2716 1276 2786 docentium
1301 2767 1320 2795 ,
1383 2717 1752 2809 mollesque
1797 2729 2035 2783 cantus
2082 2731 2152 2782 ct
2191 2715 2555 2784 infractos.

386 266 474 357 24

297 2857 358 2909 ις
406 2830 711 2900 Recessit
739 2830 924 2911 enim
959 2829 1076 2896 ille
1115 2829 1441 2896 naturalis
1478 2827 1751 2912 modus,
1790 2827 2130 2903 desideria
2155 2852 2285 2921 ope
2320 2851 2559 2910 neces-

409 2947 586 3016 saria
617 2947 866 3028 finiens
901 2971 918 3012 ε
943 2945 1084 3038 jam
1121 2947 1519 3016 rusticitatis
1546 2960 1616 3014 et
1644 2945 1931 3013 miseriae
1959 2961 2061 3014 est
2082 2995 2100 3028 ,
2137 2944 2313 3014 velle
2340 2967 2559 3047 quan·

412 3081 554 3132 tum
585 3079 686 3132 sat
713 3078 839 3132 est.

509 3174 920 3245 Incredibile
952 3193 1087 3262 est,
1131 3177 1220 3248 mi
1250 3176 1515 3264 Lucili,
1558 3201 1760 3279 quam
1800 3177 1997 3264 facile
2028 3177 2231 3246 etiam
2272 3199 2560 3270 magnos

414 3409 516 3449 tam
541 3394 799 3462 incolunt,
827 3413 1078 3468 exponam
1115 3395 1211 3458 IV,
1241 3391 1332 3447 168
1357 3414 1434 3466 sq.

411 3475 564 3548 hujus
593 3474 666 3527 rei
686 3494 794 3528 non
823 3473 1072 3528 meminit.
1099 3472 1435 3548 Troglodytas

415 3552 487 3606 ibi
507 3572 615 3606 non
635 3551 884 3606 habit-sse
902 3564 1111 3605 constat.
1129 3550 1312 3604 Rama.

487 3650 526 3682 ι.
566 3629 666 3682 Ad
697 3641 915 3698 parata.
961 3632 1179 3694 Ebc-121,
1224 3649 1341 3701 que
1378 3630 1435 3683 in

415 3717 680 3779 promptu,
711 3706 776 3758 nd
805 3723 1013 3759 manum
1039 3717 1160 3758 sunt
1183 3704 1438 3760 omnibus.

417 3784 507 3840 Sic
544 3785 719 3838 Horat.
748 3784 914 3841 Cam.
935 3785 995 3850 1,
1036 3785 1093 3837 31
1111 3823 1129 3848 ,
1165 3805 1219 3854 ¹7
1247 3803 1435 3858 preca-

417 3873 501 3916 tur
526 3881 540 3915 ε
571 3883 598 3908 κ
619 3859 744 3913 Frui
773 3862 954 3936 paratis
988 3875 1038 3916 et
1075 3861 1246 3914 valido
1267 3859 1397 3916 mihi
1416 3901 1431 3930 ,

418 3939 601 4003 Latos,
629 3937 806 3992 dones.
825 3961 852 3987 υ
877 3939 1056 3993 Ruhlc.

487 4041 530 4070 a.
545 4017 848 4074 Excitaeur.
867 4019 969 4072 Pro
993 4021 1260 4073 excitatur
1281 4056 1296 4087 ,
1317 4036 1435 4090 qun

1530 3395 1739 3468 vulgata
1760 3391 1912 3449 lectio
1938 3394 2189 3467 optimum
2218 3393 2407 3466 prebet
2427 3412 2563 3447 uen-

1530 3491 1643 3526 tum
1662 3508 1677 3537 ,
1702 3471 2001 3546 Schweigh.
2020 3473 2105 3529 dat
2126 3475 2397 3526 circitatur
2414 3473 2561 3543 quod

1534 3551 1617 3616 vix,
1647 3551 1863 3604 latinum
1888 3563 1988 3612 est,
2027 3551 2119 3604 sed
2146 3550 2285 3621 quod
2316 3562 2563 3620 prostant

1535 3631 1614 3686 ed.
1646 3629 1716 3686 R.
1737 3650 1853 3687 eum
1878 3649 1973 3686 ms.
2003 3634 2123 3704 Arg.
2148 3649 2187 3682 a
2224 3631 2247 3697 (
2261 3648 2381 3683 nam
2418 3649 2565 3684 nunc

1533 3709 1739 3770 tandem
1758 3747 1775 3774 ‚
1796 3708 1966 3779 inquit
1982 3748 1997 3774 ‚
2021 3707 2169 3765 nobis
2187 3707 2439 3779 suppetias
2458 3727 2561 3759 ve-

1532 3787 1611 3840 nit
1648 3799 1817 3840 noster
1840 3786 1930 3840 illo
1956 3785 2317 3840 vetustissimus
2350 3783 2563 3852 codex),

1532 3876 1583 3918 et
1606 3871 1707 3917 tres
1730 3863 1841 3916 Pal.
1880 3877 1934 3918 ct
1954 3863 2066 3917 Col.
2102 3861 2385 3936 vulgatum
2405 3867 2569 3915 exci-

1532 3950 1679 3994 tatur
1694 3940 1813 3992 dare
1834 3942 1906 3996 A.
1926 3961 1970 3996 ε.
1992 3941 2191 3994 fatetur.

1600 4017 1647 4070 ³.
1682 4019 1879 4090 Itaque
1902 4017 2063 4074 ba‘m...
2094 4018 2357 4089 affractus.
2384 4014 2469 4082 ct
2493 4017 2559 4068 ad
