<?xml version="1.0" encoding="UTF-8"?>
<!DOCTYPE html PUBLIC "-//W3C//DTD XHTML 1.0 Transitional//EN"
    "http://www.w3.org/TR/xhtml1/DTD/xhtml1-transitional.dtd">
<html xmlns="http://www.w3.org/1999/xhtml" xml:lang="en" lang="en">
 <head>
  <title>
</title>
<meta http-equiv="Content-Type" content="text/html;charset=utf-8" />
  <meta name='ocr-system' content='tesseract 3.04.00' />
  <meta name='ocr-capabilities' content='ocr_page ocr_carea ocr_par ocr_line ocrx_word'/>
</head>
<body>
  <div class='ocr_page' id='page_1' title='image "./lannaeisenecaeo04bouigoog_0416.png"; bbox 0 0 2667 4475; ppageno 0'>
   <div class='ocr_carea' id='block_1_1' title="bbox 807 288 1640 363">
    <p class='ocr_par' dir='ltr' id='par_1_1' title="bbox 807 288 1640 363">
     <span class='ocr_line' id='line_1_1' title="bbox 807 288 1640 363; baseline 0.005 -4"><span class='ocrx_word' id='word_1_1' title='bbox 807 288 1640 363; x_wconf 79' lang='lat' dir='ltr'>EPIGRAMMATA.</span> 
     </span>
    </p>
   </div>
   <div class='ocr_carea' id='block_1_2' title="bbox 2157 301 2288 394">
    <p class='ocr_par' dir='ltr' id='par_1_2' title="bbox 2157 301 2288 394">
     <span class='ocr_line' id='line_1_2' title="bbox 2157 301 2288 394; baseline 0.069 -9"><span class='ocrx_word' id='word_1_2' title='bbox 2157 301 2288 394; x_wconf 76' lang='lat'><strong>4¹7</strong></span> 
     </span>
    </p>
   </div>
   <div class='ocr_carea' id='block_1_3' title="bbox 254 417 2176 864">
    <p class='ocr_par' dir='ltr' id='par_1_3' title="bbox 254 417 1870 634">
     <span class='ocr_line' id='line_1_3' title="bbox 254 417 1870 513; baseline 0.002 -20"><span class='ocrx_word' id='word_1_3' title='bbox 254 424 531 496; x_wconf 79' lang='lat' dir='ltr'><strong>Corsica</strong></span> <span class='ocrx_word' id='word_1_4' title='bbox 564 417 883 493; x_wconf 75' lang='lat' dir='ltr'><strong>Sardinia</strong></span> <span class='ocrx_word' id='word_1_5' title='bbox 912 420 1187 489; x_wconf 78' lang='lat' dir='ltr'><strong>brevior</strong></span> <span class='ocrx_word' id='word_1_6' title='bbox 1205 470 1229 506; x_wconf 90' lang='lat'>‚</span> <span class='ocrx_word' id='word_1_7' title='bbox 1267 425 1650 513; x_wconf 80' lang='lat' dir='ltr'><strong>porrectior</strong></span> <span class='ocrx_word' id='word_1_8' title='bbox 1681 424 1824 495; x_wconf 80' lang='lat' dir='ltr'><strong>Ilva</strong></span> <span class='ocrx_word' id='word_1_9' title='bbox 1847 476 1870 512; x_wconf 84' lang='lat'><strong><em>,</em></strong></span> 
     </span>
     <span class='ocr_line' id='line_1_4' title="bbox 352 537 1680 634; baseline 0 -23"><span class='ocrx_word' id='word_1_10' title='bbox 352 539 629 611; x_wconf 77' lang='lat' dir='ltr'><strong>Corsica</strong></span> <span class='ocrx_word' id='word_1_11' title='bbox 661 539 943 634; x_wconf 73' lang='lat' dir='ltr'>piscosis</span> <span class='ocrx_word' id='word_1_12' title='bbox 974 537 1211 631; x_wconf 79' lang='lat' dir='ltr'><strong>pervia</strong></span> <span class='ocrx_word' id='word_1_13' title='bbox 1242 538 1636 611; x_wconf 88' lang='lat' dir='ltr'><strong>fluminibus</strong></span> <span class='ocrx_word' id='word_1_14' title='bbox 1656 593 1680 629; x_wconf 89' lang='lat'>‚</span> 
     </span>
    </p>

    <p class='ocr_par' dir='ltr' id='par_1_4' title="bbox 256 654 2176 864">
     <span class='ocr_line' id='line_1_5' title="bbox 256 654 2176 749; baseline 0.002 -22"><span class='ocrx_word' id='word_1_15' title='bbox 256 657 531 727; x_wconf 81' lang='lat' dir='ltr'><strong>Corsico</strong></span> <span class='ocrx_word' id='word_1_16' title='bbox 565 654 894 725; x_wconf 87' lang='lat' dir='ltr'><strong>terribilis</strong></span> <span class='ocrx_word' id='word_1_17' title='bbox 923 703 943 737; x_wconf 89' lang='lat'>,</span> <span class='ocrx_word' id='word_1_18' title='bbox 978 677 1190 747; x_wconf 86' lang='lat' dir='ltr'><strong>quum</strong></span> <span class='ocrx_word' id='word_1_19' title='bbox 1224 657 1517 749; x_wconf 88' lang='lat' dir='ltr'><strong>primum</strong></span> <span class='ocrx_word' id='word_1_20' title='bbox 1557 658 1911 729; x_wconf 76' lang='lat' dir='ltr'><strong>incanduit</strong></span> <span class='ocrx_word' id='word_1_21' title='bbox 1943 676 2135 731; x_wconf 79' lang='lat' dir='ltr'><strong>aestas</strong></span> <span class='ocrx_word' id='word_1_22' title='bbox 2153 712 2176 749; x_wconf 86' lang='lat'><em>,</em></span> 
     </span>
     <span class='ocr_line' id='line_1_6' title="bbox 355 768 1909 864; baseline 0.001 -21"><span class='ocrx_word' id='word_1_23' title='bbox 355 772 611 843; x_wconf 81' lang='lat' dir='ltr'><strong>Saevior</strong></span> <span class='ocrx_word' id='word_1_24' title='bbox 636 822 656 855; x_wconf 91' lang='lat'>‚</span> <span class='ocrx_word' id='word_1_25' title='bbox 699 768 998 842; x_wconf 82' lang='lat' dir='ltr'><strong>ostendit</strong></span> <span class='ocrx_word' id='word_1_26' title='bbox 1030 794 1237 863; x_wconf 88' lang='lat' dir='ltr'><strong>quum</strong></span> <span class='ocrx_word' id='word_1_27' title='bbox 1282 771 1464 841; x_wconf 85' lang='lat' dir='ltr'><strong>ferus</strong></span> <span class='ocrx_word' id='word_1_28' title='bbox 1504 797 1622 841; x_wconf 85' lang='lat' dir='ltr'><strong>ora</strong></span> <span class='ocrx_word' id='word_1_29' title='bbox 1656 776 1863 845; x_wconf 82' lang='lat' dir='ltr'><strong>Canis</strong></span> <span class='ocrx_word' id='word_1_30' title='bbox 1885 828 1909 864; x_wconf 89' lang='lat'>‚</span> 
     </span>
    </p>
   </div>
   <div class='ocr_carea' id='block_1_4' title="bbox 155 1038 1199 4082">
    <p class='ocr_par' dir='ltr' id='par_1_5' title="bbox 155 1038 1193 2280">
     <span class='ocr_line' id='line_1_7' title="bbox 166 1038 1185 1107; baseline -0.004 -12"><span class='ocrx_word' id='word_1_31' title='bbox 166 1040 441 1097; x_wconf 70' lang='lat' dir='ltr'><strong>caeensium</strong></span> <span class='ocrx_word' id='word_1_32' title='bbox 459 1040 613 1095; x_wconf 75' lang='lat' dir='ltr'><strong>beros</strong></span> <span class='ocrx_word' id='word_1_33' title='bbox 635 1077 651 1107; x_wconf 85' lang='lat'><strong>,</strong></span> <span class='ocrx_word' id='word_1_34' title='bbox 676 1052 829 1093; x_wconf 87' lang='lat' dir='ltr'><strong>notus</strong></span> <span class='ocrx_word' id='word_1_35' title='bbox 851 1057 915 1093; x_wconf 81' lang='lat' dir='ltr'><strong>ex</strong></span> <span class='ocrx_word' id='word_1_36' title='bbox 936 1038 1185 1093; x_wconf 72' lang='lat' dir='ltr'><strong>Herodot-</strong></span> 
     </span>
     <span class='ocr_line' id='line_1_8' title="bbox 166 1114 1186 1187; baseline -0.006 -13"><span class='ocrx_word' id='word_1_37' title='bbox 166 1141 187 1174; x_wconf 81' lang='grc' dir='ltr'><strong>ι</strong></span> <span class='ocrx_word' id='word_1_38' title='bbox 210 1158 227 1187; x_wconf 87' lang='grc'><em>,</em></span> <span class='ocrx_word' id='word_1_39' title='bbox 270 1118 362 1173; x_wconf 77' lang='grc'><strong>165</strong></span> <span class='ocrx_word' id='word_1_40' title='bbox 379 1160 395 1187; x_wconf 85' lang='grc'><em>,</em></span> <span class='ocrx_word' id='word_1_41' title='bbox 458 1119 515 1173; x_wconf 85' lang='lat' dir='ltr'><strong>ui</strong></span> <span class='ocrx_word' id='word_1_42' title='bbox 542 1130 739 1184; x_wconf 84' lang='lat' dir='ltr'><strong>narrat,</strong></span> <span class='ocrx_word' id='word_1_43' title='bbox 766 1116 1093 1171; x_wconf 68' lang='lat' dir='ltr'><strong>Phocaeenses</strong></span> <span class='ocrx_word' id='word_1_44' title='bbox 1128 1114 1186 1169; x_wconf 90' lang='lat' dir='ltr'><strong>in</strong></span> 
     </span>
     <span class='ocr_line' id='line_1_9' title="bbox 160 1195 1187 1261; baseline -0.004 -13"><span class='ocrx_word' id='word_1_45' title='bbox 160 1197 307 1251; x_wconf 83' lang='lat' dir='ltr'><strong>istam</strong></span> <span class='ocrx_word' id='word_1_46' title='bbox 322 1196 399 1250; x_wconf 88' lang='lat' dir='ltr'><strong>ins</strong></span> <span class='ocrx_word' id='word_1_47' title='bbox 488 1217 539 1249; x_wconf 84' lang='lat' dir='ltr'><strong>m</strong></span> <span class='ocrx_word' id='word_1_48' title='bbox 558 1196 753 1251; x_wconf 80' lang='lat' dir='ltr'><strong>misisse</strong></span> <span class='ocrx_word' id='word_1_49' title='bbox 769 1195 1045 1261; x_wconf 82' lang='lat' dir='ltr'><strong>coloniam,</strong></span> <span class='ocrx_word' id='word_1_50' title='bbox 1065 1212 1187 1247; x_wconf 86' lang='lat' dir='ltr'><strong>con·-</strong></span> 
     </span>
     <span class='ocr_line' id='line_1_10' title="bbox 160 1270 1187 1347; baseline -0.006 -19"><span class='ocrx_word' id='word_1_51' title='bbox 160 1275 267 1329; x_wconf 88' lang='lat' dir='ltr'><strong>dita</strong></span> <span class='ocrx_word' id='word_1_52' title='bbox 301 1274 429 1327; x_wconf 86' lang='lat' dir='ltr'><strong>urbe</strong></span> <span class='ocrx_word' id='word_1_53' title='bbox 465 1274 632 1329; x_wconf 77' lang='lat' dir='ltr'><strong>Alalis</strong></span> <span class='ocrx_word' id='word_1_54' title='bbox 654 1294 670 1340; x_wconf 74' lang='grc' dir='ltr'>ς</span> <span class='ocrx_word' id='word_1_55' title='bbox 696 1291 987 1347; x_wconf 81' lang='lat' dir='ltr'><strong>quanquam</strong></span> <span class='ocrx_word' id='word_1_56' title='bbox 1025 1282 1076 1324; x_wconf 89' lang='lat' dir='ltr'><strong>et</strong></span> <span class='ocrx_word' id='word_1_57' title='bbox 1097 1270 1187 1323; x_wconf 82' lang='lat' dir='ltr'><strong>alii</strong></span> 
     </span>
     <span class='ocr_line' id='line_1_11' title="bbox 156 1347 1186 1406; baseline -0.006 0"><span class='ocrx_word' id='word_1_58' title='bbox 156 1354 235 1406; x_wconf 88' lang='lat' dir='ltr'><strong>sic</strong></span> <span class='ocrx_word' id='word_1_59' title='bbox 270 1352 460 1405; x_wconf 84' lang='lat' dir='ltr'><strong>dictam</strong></span> <span class='ocrx_word' id='word_1_60' title='bbox 491 1350 655 1405; x_wconf 75' lang='lat' dir='ltr'><strong>velint</strong></span> <span class='ocrx_word' id='word_1_61' title='bbox 677 1371 706 1405; x_wconf 97' lang='lat' dir='ltr'><strong>a</strong></span> <span class='ocrx_word' id='word_1_62' title='bbox 743 1349 1075 1405; x_wconf 84' lang='lat' dir='ltr'><strong>Pboenicibus</strong></span> <span class='ocrx_word' id='word_1_63' title='bbox 1118 1347 1186 1401; x_wconf 89' lang='lat' dir='ltr'><strong>ob</strong></span> 
     </span>
     <span class='ocr_line' id='line_1_12' title="bbox 157 1429 1186 1503; baseline -0.005 -19"><span class='ocrx_word' id='word_1_64' title='bbox 157 1430 323 1484; x_wconf 82' lang='lat' dir='ltr'><strong>multa</strong></span> <span class='ocrx_word' id='word_1_65' title='bbox 348 1429 713 1503; x_wconf 84' lang='lat' dir='ltr'><strong>promontoria.</strong></span> <span class='ocrx_word' id='word_1_66' title='bbox 730 1430 866 1481; x_wconf 81' lang='lat' dir='ltr'><strong>Nam</strong></span> <span class='ocrx_word' id='word_1_67' title='bbox 890 1437 1186 1502; x_wconf 87' lang='lat' dir='ltr'><strong>promonto-</strong></span> 
     </span>
     <span class='ocr_line' id='line_1_13' title="bbox 155 1502 1186 1583; baseline -0.009 -19"><span class='ocrx_word' id='word_1_68' title='bbox 155 1510 295 1564; x_wconf 86' lang='lat' dir='ltr'><strong>rium</strong></span> <span class='ocrx_word' id='word_1_69' title='bbox 320 1508 620 1563; x_wconf 78' lang='lat' dir='ltr'><strong>Phoenicum</strong></span> <span class='ocrx_word' id='word_1_70' title='bbox 650 1508 825 1583; x_wconf 76' lang='lat' dir='ltr'><strong>lingua</strong></span> <span class='ocrx_word' id='word_1_71' title='bbox 848 1506 1050 1579; x_wconf 78' lang='lat' dir='ltr'><strong>Cyrnus</strong></span> <span class='ocrx_word' id='word_1_72' title='bbox 1074 1502 1186 1557; x_wconf 75' lang='lat' dir='ltr'><strong>fuit.</strong></span> 
     </span>
     <span class='ocr_line' id='line_1_14' title="bbox 158 1583 1187 1660; baseline -0.01 -15"><span class='ocrx_word' id='word_1_73' title='bbox 158 1590 292 1660; x_wconf 76' lang='lat' dir='ltr'><strong>Quae</strong></span> <span class='ocrx_word' id='word_1_74' title='bbox 328 1588 511 1642; x_wconf 81' lang='lat' dir='ltr'><strong>Strabo</strong></span> <span class='ocrx_word' id='word_1_75' title='bbox 550 1587 619 1651; x_wconf 77' lang='lat' dir='ltr'><strong>V,</strong></span> <span class='ocrx_word' id='word_1_76' title='bbox 667 1608 695 1639; x_wconf 84' lang='lat'>2</span> <span class='ocrx_word' id='word_1_77' title='bbox 711 1626 726 1652; x_wconf 90' lang='lat'><strong>,</strong></span> <span class='ocrx_word' id='word_1_78' title='bbox 770 1606 795 1655; x_wconf 88' lang='lat'>7</span> <span class='ocrx_word' id='word_1_79' title='bbox 841 1585 921 1638; x_wconf 86' lang='lat' dir='ltr'><strong>ed.</strong></span> <span class='ocrx_word' id='word_1_80' title='bbox 952 1586 1090 1657; x_wconf 86' lang='lat' dir='ltr'><strong>Lips.</strong></span> <span class='ocrx_word' id='word_1_81' title='bbox 1124 1583 1187 1635; x_wconf 85' lang='lat' dir='ltr'><strong>de</strong></span> 
     </span>
     <span class='ocr_line' id='line_1_15' title="bbox 160 1665 1190 1741; baseline -0.008 -20"><span class='ocrx_word' id='word_1_82' title='bbox 160 1668 371 1721; x_wconf 86' lang='lat' dir='ltr'><strong>Corsica</strong></span> <span class='ocrx_word' id='word_1_83' title='bbox 385 1665 539 1721; x_wconf 81' lang='lat' dir='ltr'><strong>tradit</strong></span> <span class='ocrx_word' id='word_1_84' title='bbox 548 1684 723 1741; x_wconf 81' lang='lat' dir='ltr'><strong>pauca,</strong></span> <span class='ocrx_word' id='word_1_85' title='bbox 741 1682 917 1739; x_wconf 87' lang='lat' dir='ltr'><strong>parum</strong></span> <span class='ocrx_word' id='word_1_86' title='bbox 934 1682 1043 1715; x_wconf 90' lang='lat' dir='ltr'><strong>cam</strong></span> <span class='ocrx_word' id='word_1_87' title='bbox 1055 1680 1190 1714; x_wconf 90' lang='lat' dir='ltr'><strong>com-</strong></span> 
     </span>
     <span class='ocr_line' id='line_1_16' title="bbox 158 1736 1189 1811; baseline -0.012 -10"><span class='ocrx_word' id='word_1_88' title='bbox 158 1745 436 1811; x_wconf 84' lang='lat' dir='ltr'><strong>mendant,</strong></span> <span class='ocrx_word' id='word_1_89' title='bbox 457 1764 551 1798; x_wconf 90' lang='lat' dir='ltr'><strong>nec</strong></span> <span class='ocrx_word' id='word_1_90' title='bbox 572 1740 861 1796; x_wconf 69' lang='lat' dir='ltr'><strong>Boswellus</strong></span> <span class='ocrx_word' id='word_1_91' title='bbox 875 1739 1085 1809; x_wconf 85' lang='lat' dir='ltr'><strong>aliique,</strong></span> <span class='ocrx_word' id='word_1_92' title='bbox 1100 1736 1189 1809; x_wconf 86' lang='lat' dir='ltr'><strong>qui</strong></span> 
     </span>
     <span class='ocr_line' id='line_1_17' title="bbox 157 1816 1193 1896; baseline -0.012 -17"><span class='ocrx_word' id='word_1_93' title='bbox 157 1845 271 1880; x_wconf 81' lang='lat' dir='ltr'><strong>eam</strong></span> <span class='ocrx_word' id='word_1_94' title='bbox 316 1822 713 1896; x_wconf 81' lang='lat' dir='ltr'><strong>descripserunt,</strong></span> <span class='ocrx_word' id='word_1_95' title='bbox 756 1819 1013 1872; x_wconf 78' lang='lat' dir='ltr'><strong>extollunt.</strong></span> <span class='ocrx_word' id='word_1_96' title='bbox 1052 1816 1193 1869; x_wconf 76' lang='lat' dir='ltr'><strong>Bur-</strong></span> 
     </span>
     <span class='ocr_line' id='line_1_18' title="bbox 158 1894 1187 1972; baseline -0.014 -14"><span class='ocrx_word' id='word_1_97' title='bbox 158 1922 381 1957; x_wconf 83' lang='lat' dir='ltr'><strong>mannus</strong></span> <span class='ocrx_word' id='word_1_98' title='bbox 398 1900 577 1955; x_wconf 84' lang='lat' dir='ltr'><strong>laudat</strong></span> <span class='ocrx_word' id='word_1_99' title='bbox 594 1896 939 1972; x_wconf 86' lang='lat' dir='ltr'><strong>Pomponium</strong></span> <span class='ocrx_word' id='word_1_100' title='bbox 954 1894 1149 1947; x_wconf 80' lang='lat' dir='ltr'><strong>Melam</strong></span> <span class='ocrx_word' id='word_1_101' title='bbox 1172 1934 1187 1959; x_wconf 91' lang='lat'>,</span> 
     </span>
     <span class='ocr_line' id='line_1_19' title="bbox 158 1973 1191 2045; baseline -0.011 -11"><span class='ocrx_word' id='word_1_102' title='bbox 158 1980 248 2034; x_wconf 83' lang='lat' dir='ltr'><strong>De</strong></span> <span class='ocrx_word' id='word_1_103' title='bbox 266 1982 372 2034; x_wconf 69' lang='lat' dir='ltr'><strong>situ</strong></span> <span class='ocrx_word' id='word_1_104' title='bbox 394 1977 536 2031; x_wconf 68' lang='lat' dir='ltr'><strong>orbis</strong></span> <span class='ocrx_word' id='word_1_105' title='bbox 554 2017 571 2044; x_wconf 87' lang='lat'>,</span> <span class='ocrx_word' id='word_1_106' title='bbox 594 1976 684 2029; x_wconf 88' lang='lat' dir='ltr'><strong>lib.</strong></span> <span class='ocrx_word' id='word_1_107' title='bbox 706 1976 757 2029; x_wconf 80' lang='lat'><strong>11</strong></span> <span class='ocrx_word' id='word_1_108' title='bbox 774 2012 791 2035; x_wconf 83' lang='lat'><strong>,</strong></span> <span class='ocrx_word' id='word_1_109' title='bbox 814 1996 839 2043; x_wconf 85' lang='lat'><strong>7</strong></span> <span class='ocrx_word' id='word_1_110' title='bbox 857 2011 871 2039; x_wconf 87' lang='lat'><strong>‚</strong></span> <span class='ocrx_word' id='word_1_111' title='bbox 904 1992 998 2045; x_wconf 78' lang='lat'><strong>¹²9</strong></span> <span class='ocrx_word' id='word_1_112' title='bbox 1020 1974 1097 2027; x_wconf 83' lang='lat' dir='ltr'><strong>ed.</strong></span> <span class='ocrx_word' id='word_1_113' title='bbox 1125 1973 1191 2024; x_wconf 90' lang='lat' dir='ltr'><strong>ls.</strong></span> 
     </span>
     <span class='ocr_line' id='line_1_20' title="bbox 156 2048 1191 2119; baseline -0.007 -9"><span class='ocrx_word' id='word_1_114' title='bbox 156 2056 359 2119; x_wconf 74' lang='lat' dir='ltr'><strong>Vossii,</strong></span> <span class='ocrx_word' id='word_1_115' title='bbox 382 2068 431 2109; x_wconf 91' lang='lat' dir='ltr'><strong>et</strong></span> <span class='ocrx_word' id='word_1_116' title='bbox 461 2065 605 2109; x_wconf 84' lang='lat' dir='ltr'><strong>notas</strong></span> <span class='ocrx_word' id='word_1_117' title='bbox 633 2052 799 2107; x_wconf 88' lang='lat' dir='ltr'><strong>Delrii</strong></span> <span class='ocrx_word' id='word_1_118' title='bbox 823 2051 887 2105; x_wconf 87' lang='lat' dir='ltr'><strong>ad</strong></span> <span class='ocrx_word' id='word_1_119' title='bbox 919 2048 1191 2105; x_wconf 83' lang='lat' dir='ltr'><strong>Claudiani</strong></span> 
     </span>
     <span class='ocr_line' id='line_1_21' title="bbox 164 2130 1189 2197; baseline -0.007 -8"><span class='ocrx_word' id='word_1_120' title='bbox 164 2132 378 2189; x_wconf 86' lang='lat' dir='ltr'><strong>Consul.</strong></span> <span class='ocrx_word' id='word_1_121' title='bbox 404 2131 577 2187; x_wconf 73' lang='lat' dir='ltr'><strong>mallii</strong></span> <span class='ocrx_word' id='word_1_122' title='bbox 599 2150 729 2185; x_wconf 83' lang='lat' dir='ltr'><strong>vers.</strong></span> <span class='ocrx_word' id='word_1_123' title='bbox 762 2130 859 2184; x_wconf 81' lang='lat'><strong>203</strong></span> <span class='ocrx_word' id='word_1_124' title='bbox 886 2132 946 2197; x_wconf 91' lang='lat' dir='ltr'><strong>(a</strong></span> <span class='ocrx_word' id='word_1_125' title='bbox 964 2130 1189 2184; x_wconf 86' lang='lat' dir='ltr'><strong>Gesnero</strong></span> 
     </span>
     <span class='ocr_line' id='line_1_22' title="bbox 162 2210 626 2280; baseline -0.011 -14"><span class='ocrx_word' id='word_1_126' title='bbox 162 2212 424 2280; x_wconf 84' lang='lat' dir='ltr'><strong>omissas).</strong></span> <span class='ocrx_word' id='word_1_127' title='bbox 443 2210 626 2266; x_wconf 69' lang='lat' dir='ltr'><strong>Ratae.</strong></span> 
     </span>
    </p>

    <p class='ocr_par' dir='ltr' id='par_1_6' title="bbox 158 2287 1199 4082">
     <span class='ocr_line' id='line_1_23' title="bbox 229 2287 1189 2346; baseline -0.002 -3"><span class='ocrx_word' id='word_1_128' title='bbox 229 2290 279 2346; x_wconf 83' lang='lat'><strong>3.</strong></span> <span class='ocrx_word' id='word_1_129' title='bbox 306 2289 557 2344; x_wconf 67' lang='lat' dir='ltr'><strong>Sardinia</strong></span> <span class='ocrx_word' id='word_1_130' title='bbox 582 2290 797 2343; x_wconf 69' lang='lat' dir='ltr'><strong>brevior.</strong></span> <span class='ocrx_word' id='word_1_131' title='bbox 824 2287 1061 2342; x_wconf 83' lang='lat' dir='ltr'><strong>Sardinia</strong></span> <span class='ocrx_word' id='word_1_132' title='bbox 1092 2287 1189 2341; x_wconf 82' lang='lat' dir='ltr'><strong>in·-</strong></span> 
     </span>
     <span class='ocr_line' id='line_1_24' title="bbox 161 2364 1189 2432; baseline -0.007 -7"><span class='ocrx_word' id='word_1_133' title='bbox 161 2370 273 2425; x_wconf 78' lang='lat' dir='ltr'><strong>sula</strong></span> <span class='ocrx_word' id='word_1_134' title='bbox 292 2381 365 2424; x_wconf 89' lang='lat' dir='ltr'><strong>est</strong></span> <span class='ocrx_word' id='word_1_135' title='bbox 378 2368 574 2422; x_wconf 84' lang='lat' dir='ltr'><strong>luterni</strong></span> <span class='ocrx_word' id='word_1_136' title='bbox 586 2366 757 2432; x_wconf 80' lang='lat' dir='ltr'><strong>maris,</strong></span> <span class='ocrx_word' id='word_1_137' title='bbox 780 2367 997 2421; x_wconf 65' lang='lat' dir='ltr'><strong>conica</strong></span> <span class='ocrx_word' id='word_1_138' title='bbox 1014 2364 1189 2419; x_wconf 88' lang='lat' dir='ltr'><strong>conti—</strong></span> 
     </span>
     <span class='ocr_line' id='line_1_25' title="bbox 162 2447 1189 2524; baseline -0.005 -19"><span class='ocrx_word' id='word_1_139' title='bbox 162 2471 287 2524; x_wconf 79' lang='lat' dir='ltr'><strong>gua,</strong></span> <span class='ocrx_word' id='word_1_140' title='bbox 306 2470 335 2502; x_wconf 87' lang='lat' dir='ltr'><strong>a</strong></span> <span class='ocrx_word' id='word_1_141' title='bbox 345 2469 446 2522; x_wconf 80' lang='lat' dir='ltr'><strong>qua</strong></span> <span class='ocrx_word' id='word_1_142' title='bbox 458 2467 569 2503; x_wconf 82' lang='lat' dir='ltr'><strong>eam</strong></span> <span class='ocrx_word' id='word_1_143' title='bbox 584 2448 701 2504; x_wconf 73' lang='lat' dir='ltr'><strong>freti</strong></span> <span class='ocrx_word' id='word_1_144' title='bbox 715 2447 885 2520; x_wconf 81' lang='lat' dir='ltr'><strong>exigui</strong></span> <span class='ocrx_word' id='word_1_145' title='bbox 902 2447 983 2500; x_wconf 88' lang='lat' dir='ltr'><strong>cui</strong></span> <span class='ocrx_word' id='word_1_146' title='bbox 995 2465 1189 2500; x_wconf 82' lang='lat' dir='ltr'><strong>nomen</strong></span> 
     </span>
     <span class='ocr_line' id='line_1_26' title="bbox 162 2524 1187 2601; baseline -0.007 -21"><span class='ocrx_word' id='word_1_147' title='bbox 162 2526 396 2601; x_wconf 80' lang='lat' dir='ltr'><strong>Taphros</strong></span> <span class='ocrx_word' id='word_1_148' title='bbox 410 2525 489 2592; x_wconf 86' lang='lat' dir='ltr'><strong>(id</strong></span> <span class='ocrx_word' id='word_1_149' title='bbox 501 2526 757 2599; x_wconf 82' lang='lat' dir='ltr'><strong>estsossa)</strong></span> <span class='ocrx_word' id='word_1_150' title='bbox 775 2524 925 2577; x_wconf 73' lang='lat' dir='ltr'><strong>undae</strong></span> <span class='ocrx_word' id='word_1_151' title='bbox 938 2534 1187 2596; x_wconf 81' lang='lat' dir='ltr'><strong>separant.</strong></span> 
     </span>
     <span class='ocr_line' id='line_1_27' title="bbox 158 2601 1187 2678; baseline -0.008 -19"><span class='ocrx_word' id='word_1_152' title='bbox 158 2605 395 2678; x_wconf 77' lang='lat' dir='ltr'><strong>Longior</strong></span> <span class='ocrx_word' id='word_1_153' title='bbox 418 2603 665 2675; x_wconf 72' lang='lat' dir='ltr'><strong>latiorque</strong></span> <span class='ocrx_word' id='word_1_154' title='bbox 691 2601 841 2677; x_wconf 82' lang='lat' dir='ltr'><strong>paulo</strong></span> <span class='ocrx_word' id='word_1_155' title='bbox 868 2620 1021 2671; x_wconf 84' lang='lat' dir='ltr'><strong>quam</strong></span> <span class='ocrx_word' id='word_1_156' title='bbox 1045 2601 1187 2654; x_wconf 90' lang='lat' dir='ltr'><strong>Cor-</strong></span> 
     </span>
     <span class='ocr_line' id='line_1_28' title="bbox 158 2677 1190 2737; baseline -0.007 0"><span class='ocrx_word' id='word_1_157' title='bbox 158 2684 267 2737; x_wconf 70' lang='lat' dir='ltr'><strong>sica</strong></span> <span class='ocrx_word' id='word_1_158' title='bbox 293 2695 460 2736; x_wconf 87' lang='lat' dir='ltr'><strong>est.-·</strong></span> <span class='ocrx_word' id='word_1_159' title='bbox 480 2681 617 2735; x_wconf 73' lang='lat'><em>1100.</em></span> <span class='ocrx_word' id='word_1_160' title='bbox 638 2682 711 2733; x_wconf 88' lang='lat' dir='ltr'><strong>Ita</strong></span> <span class='ocrx_word' id='word_1_161' title='bbox 738 2691 871 2732; x_wconf 85' lang='lat' dir='ltr'><strong>recte</strong></span> <span class='ocrx_word' id='word_1_162' title='bbox 898 2677 1190 2732; x_wconf 76' lang='lat' dir='ltr'><strong>emendavit</strong></span> 
     </span>
     <span class='ocr_line' id='line_1_29' title="bbox 162 2755 1190 2834; baseline -0.007 -19"><span class='ocrx_word' id='word_1_163' title='bbox 162 2761 427 2834; x_wconf 73' lang='lat' dir='ltr'><strong>Scaliger,</strong></span> <span class='ocrx_word' id='word_1_164' title='bbox 477 2777 635 2830; x_wconf 82' lang='lat' dir='ltr'><strong>quum</strong></span> <span class='ocrx_word' id='word_1_165' title='bbox 680 2755 879 2810; x_wconf 87' lang='lat' dir='ltr'><strong>codices</strong></span> <span class='ocrx_word' id='word_1_166' title='bbox 932 2755 1091 2808; x_wconf 79' lang='lat' dir='ltr'><strong>Sal‘m.</strong></span> <span class='ocrx_word' id='word_1_167' title='bbox 1141 2765 1190 2808; x_wconf 90' lang='lat' dir='ltr'><strong>et</strong></span> 
     </span>
     <span class='ocr_line' id='line_1_30' title="bbox 159 2833 1190 2906; baseline -0.006 -14"><span class='ocrx_word' id='word_1_168' title='bbox 159 2841 313 2892; x_wconf 80' lang='lat' dir='ltr'><strong>Voss.</strong></span> <span class='ocrx_word' id='word_1_169' title='bbox 330 2837 573 2891; x_wconf 80' lang='lat' dir='ltr'><strong>haberent</strong></span> <span class='ocrx_word' id='word_1_170' title='bbox 587 2853 599 2888; x_wconf 89' lang='lat'>:</span> <span class='ocrx_word' id='word_1_171' title='bbox 611 2836 889 2906; x_wconf 76' lang='lat' dir='ltr'><strong>porrectior</strong></span> <span class='ocrx_word' id='word_1_172' title='bbox 905 2833 1190 2886; x_wconf 61' lang='lat' dir='ltr'><strong>illmllanc</strong></span> 
     </span>
     <span class='ocr_line' id='line_1_31' title="bbox 160 2910 1189 2971; baseline -0.006 -1"><span class='ocrx_word' id='word_1_173' title='bbox 160 2915 440 2971; x_wconf 81' lang='lat' dir='ltr'><strong>lectionem</strong></span> <span class='ocrx_word' id='word_1_174' title='bbox 462 2912 729 2967; x_wconf 81' lang='lat' dir='ltr'><strong>exinscitia</strong></span> <span class='ocrx_word' id='word_1_175' title='bbox 741 2910 938 2965; x_wconf 79' lang='lat' dir='ltr'><strong>librarii</strong></span> <span class='ocrx_word' id='word_1_176' title='bbox 959 2929 1189 2964; x_wconf 77' lang='lat' dir='ltr'><strong>manasse</strong></span> 
     </span>
     <span class='ocr_line' id='line_1_32' title="bbox 160 2989 1190 3069; baseline -0.006 -21"><span class='ocrx_word' id='word_1_177' title='bbox 160 3006 369 3069; x_wconf 83' lang='lat' dir='ltr'><strong>apparet</strong></span> <span class='ocrx_word' id='word_1_178' title='bbox 384 3031 400 3060; x_wconf 83' lang='lat'>‚</span> <span class='ocrx_word' id='word_1_179' title='bbox 428 2991 519 3065; x_wconf 84' lang='lat' dir='ltr'><strong>qui</strong></span> <span class='ocrx_word' id='word_1_180' title='bbox 538 2991 759 3046; x_wconf 78' lang='lat' dir='ltr'><strong>insulam</strong></span> <span class='ocrx_word' id='word_1_181' title='bbox 782 2989 947 3043; x_wconf 72' lang='lat' dir='ltr'><strong>ilvam</strong></span> <span class='ocrx_word' id='word_1_182' title='bbox 970 2989 1190 3063; x_wconf 82' lang='lat' dir='ltr'><strong>ignora-</strong></span> 
     </span>
     <span class='ocr_line' id='line_1_33' title="bbox 158 3068 1187 3144; baseline -0.009 -14"><span class='ocrx_word' id='word_1_183' title='bbox 158 3089 255 3131; x_wconf 83' lang='lat' dir='ltr'><strong>ret.</strong></span> <span class='ocrx_word' id='word_1_184' title='bbox 278 3075 487 3128; x_wconf 76' lang='lat' dir='ltr'><strong>Rectius</strong></span> <span class='ocrx_word' id='word_1_185' title='bbox 510 3086 676 3127; x_wconf 80' lang='lat' dir='ltr'><strong>autem</strong></span> <span class='ocrx_word' id='word_1_186' title='bbox 698 3093 800 3126; x_wconf 86' lang='lat' dir='ltr'><strong>esse</strong></span> <span class='ocrx_word' id='word_1_187' title='bbox 819 3075 1131 3144; x_wconf 75' lang='lat' dir='ltr'><strong>porrectior,</strong></span> <span class='ocrx_word' id='word_1_188' title='bbox 1154 3068 1187 3122; x_wconf 90' lang='lat' dir='ltr'><strong>i.</strong></span> 
     </span>
     <span class='ocr_line' id='line_1_34' title="bbox 165 3147 1189 3226; baseline -0.006 -18"><span class='ocrx_word' id='word_1_189' title='bbox 165 3175 214 3208; x_wconf 87' lang='lat' dir='ltr'><strong>e.</strong></span> <span class='ocrx_word' id='word_1_190' title='bbox 250 3154 501 3208; x_wconf 76' lang='lat' dir='ltr'><strong>extensior</strong></span> <span class='ocrx_word' id='word_1_191' title='bbox 518 3192 534 3221; x_wconf 83' lang='lat'><strong>,</strong></span> <span class='ocrx_word' id='word_1_192' title='bbox 572 3147 776 3226; x_wconf 76' lang='lat' dir='ltr'><strong>longior</strong></span> <span class='ocrx_word' id='word_1_193' title='bbox 790 3189 804 3218; x_wconf 90' lang='lat'><strong><em>‚</em></strong></span> <span class='ocrx_word' id='word_1_194' title='bbox 840 3169 990 3222; x_wconf 83' lang='lat' dir='ltr'><strong>quam</strong></span> <span class='ocrx_word' id='word_1_195' title='bbox 1020 3154 1189 3220; x_wconf 74' lang='lat' dir='ltr'><strong>proie-</strong></span> 
     </span>
     <span class='ocr_line' id='line_1_35' title="bbox 162 3225 1191 3298; baseline -0.009 -11"><span class='ocrx_word' id='word_1_196' title='bbox 162 3235 330 3298; x_wconf 70' lang='lat' dir='ltr'><strong>ctior,</strong></span> <span class='ocrx_word' id='word_1_197' title='bbox 352 3227 545 3284; x_wconf 80' lang='lat' dir='ltr'><strong>notavit</strong></span> <span class='ocrx_word' id='word_1_198' title='bbox 572 3229 752 3282; x_wconf 75' lang='lat' dir='ltr'><strong>Burin.</strong></span> <span class='ocrx_word' id='word_1_199' title='bbox 784 3225 848 3280; x_wconf 83' lang='lat' dir='ltr'><strong>ad</strong></span> <span class='ocrx_word' id='word_1_200' title='bbox 872 3225 1083 3280; x_wconf 79' lang='lat' dir='ltr'><strong>Anthol.</strong></span> <span class='ocrx_word' id='word_1_201' title='bbox 1105 3225 1191 3278; x_wconf 84' lang='lat' dir='ltr'><strong>lat.</strong></span> 
     </span>
     <span class='ocr_line' id='line_1_36' title="bbox 162 3305 1194 3383; baseline -0.01 -18"><span class='ocrx_word' id='word_1_202' title='bbox 162 3311 259 3366; x_wconf 81' lang='lat' dir='ltr'><strong>lib.</strong></span> <span class='ocrx_word' id='word_1_203' title='bbox 282 3313 311 3363; x_wconf 93' lang='lat'>1</span> <span class='ocrx_word' id='word_1_204' title='bbox 326 3349 342 3373; x_wconf 88' lang='lat'><strong><em>,</em></strong></span> <span class='ocrx_word' id='word_1_205' title='bbox 364 3309 547 3383; x_wconf 74' lang='lat' dir='ltr'><strong>Epigr.</strong></span> <span class='ocrx_word' id='word_1_206' title='bbox 575 3321 741 3364; x_wconf 64' lang='grc' dir='ltr'><strong>(τινα.</strong></span> <span class='ocrx_word' id='word_1_207' title='bbox 757 3305 945 3358; x_wconf 77' lang='lat' dir='ltr'><strong>—llva</strong></span> <span class='ocrx_word' id='word_1_208' title='bbox 974 3315 1045 3358; x_wconf 88' lang='lat' dir='ltr'><strong>est</strong></span> <span class='ocrx_word' id='word_1_209' title='bbox 1070 3323 1194 3378; x_wconf 82' lang='lat' dir='ltr'><strong>par-</strong></span> 
     </span>
     <span class='ocr_line' id='line_1_37' title="bbox 164 3385 1193 3457; baseline -0.011 -11"><span class='ocrx_word' id='word_1_210' title='bbox 164 3391 295 3446; x_wconf 81' lang='lat' dir='ltr'><strong>vula</strong></span> <span class='ocrx_word' id='word_1_211' title='bbox 322 3390 489 3444; x_wconf 87' lang='lat' dir='ltr'><strong>insula</strong></span> <span class='ocrx_word' id='word_1_212' title='bbox 505 3385 739 3457; x_wconf 80' lang='lat' dir='ltr'><strong>adjacens</strong></span> <span class='ocrx_word' id='word_1_213' title='bbox 755 3385 957 3440; x_wconf 70' lang='lat' dir='ltr'><strong>‘rusciae</strong></span> <span class='ocrx_word' id='word_1_214' title='bbox 982 3385 1038 3439; x_wconf 89' lang='lat' dir='ltr'><strong>in</strong></span> <span class='ocrx_word' id='word_1_215' title='bbox 1057 3403 1193 3437; x_wconf 89' lang='lat' dir='ltr'><strong>con-</strong></span> 
     </span>
     <span class='ocr_line' id='line_1_38' title="bbox 165 3463 1195 3546; baseline -0.012 -22"><span class='ocrx_word' id='word_1_216' title='bbox 165 3481 345 3546; x_wconf 85' lang='lat' dir='ltr'><strong>spectu</strong></span> <span class='ocrx_word' id='word_1_217' title='bbox 390 3463 704 3541; x_wconf 61' lang='lat' dir='ltr'><strong>Populonia.</strong></span> <span class='ocrx_word' id='word_1_218' title='bbox 730 3465 899 3520; x_wconf 65' lang='lat' dir='ltr'><strong>Greci</strong></span> <span class='ocrx_word' id='word_1_219' title='bbox 947 3463 1195 3517; x_wconf 80' lang='lat' dir='ltr'><strong>vocabant</strong></span> 
     </span>
     <span class='ocr_line' id='line_1_39' title="bbox 167 3537 1189 3614; baseline -0.011 -12"><span class='ocrx_word' id='word_1_220' title='bbox 167 3545 478 3602; x_wconf 79' lang='lat' dir='ltr'><strong>AEtbalism.</strong></span> <span class='ocrx_word' id='word_1_221' title='bbox 494 3541 666 3598; x_wconf 79' lang='lat' dir='ltr'><strong>Hodie</strong></span> <span class='ocrx_word' id='word_1_222' title='bbox 690 3553 1008 3614; x_wconf 80' lang='lat' dir='ltr'><strong>nuncupatur</strong></span> <span class='ocrx_word' id='word_1_223' title='bbox 1026 3537 1189 3604; x_wconf 74' lang='lat' dir='ltr'><strong>Elbe,</strong></span> 
     </span>
     <span class='ocr_line' id='line_1_40' title="bbox 168 3617 1195 3680; baseline -0.012 1"><span class='ocrx_word' id='word_1_224' title='bbox 168 3625 418 3680; x_wconf 84' lang='lat' dir='ltr'><strong>omnibus</strong></span> <span class='ocrx_word' id='word_1_225' title='bbox 436 3623 490 3677; x_wconf 91' lang='lat' dir='ltr'><strong>in</strong></span> <span class='ocrx_word' id='word_1_226' title='bbox 514 3635 757 3678; x_wconf 64' lang='lat' dir='ltr'><strong>aternum</strong></span> <span class='ocrx_word' id='word_1_227' title='bbox 780 3619 971 3673; x_wconf 88' lang='lat' dir='ltr'><strong>nobilis</strong></span> <span class='ocrx_word' id='word_1_228' title='bbox 996 3617 1061 3671; x_wconf 92' lang='lat' dir='ltr'><strong>ob</strong></span> <span class='ocrx_word' id='word_1_229' title='bbox 1080 3618 1195 3670; x_wconf 81' lang='lat' dir='ltr'><strong>cla—</strong></span> 
     </span>
     <span class='ocr_line' id='line_1_41' title="bbox 169 3698 1194 3760; baseline -0.008 0"><span class='ocrx_word' id='word_1_230' title='bbox 169 3707 431 3760; x_wconf 86' lang='lat' dir='ltr'><strong>rissimum</strong></span> <span class='ocrx_word' id='word_1_231' title='bbox 444 3703 680 3758; x_wconf 79' lang='lat' dir='ltr'><strong>exsulem.</strong></span> <span class='ocrx_word' id='word_1_232' title='bbox 692 3701 841 3756; x_wconf 80' lang='lat' dir='ltr'><strong>Conf.</strong></span> <span class='ocrx_word' id='word_1_233' title='bbox 850 3699 1012 3754; x_wconf 87' lang='lat' dir='ltr'><strong>Rutil.</strong></span> <span class='ocrx_word' id='word_1_234' title='bbox 1022 3698 1194 3752; x_wconf 78' lang='lat' dir='ltr'><strong>Itiner-</strong></span> 
     </span>
     <span class='ocr_line' id='line_1_42' title="bbox 170 3775 1193 3854; baseline -0.011 -17"><span class='ocrx_word' id='word_1_235' title='bbox 170 3785 224 3850; x_wconf 86' lang='lat'><strong>1,</strong></span> <span class='ocrx_word' id='word_1_236' title='bbox 248 3782 341 3836; x_wconf 80' lang='lat'><strong>351</strong></span> <span class='ocrx_word' id='word_1_237' title='bbox 363 3800 377 3834; x_wconf 72' lang='grc' dir='ltr'><strong>ι</strong></span> <span class='ocrx_word' id='word_1_238' title='bbox 396 3778 707 3854; x_wconf 75' lang='lat' dir='ltr'><strong>«chalybum</strong></span> <span class='ocrx_word' id='word_1_239' title='bbox 723 3775 1062 3833; x_wconf 83' lang='lat' dir='ltr'><strong>memorabilis</strong></span> <span class='ocrx_word' id='word_1_240' title='bbox 1086 3776 1193 3827; x_wconf 75' lang='lat' dir='ltr'><strong>Ilva</strong></span> 
     </span>
     <span class='ocr_line' id='line_1_43' title="bbox 172 3853 1199 3931; baseline -0.009 -19"><span class='ocrx_word' id='word_1_241' title='bbox 172 3859 399 3912; x_wconf 80' lang='lat' dir='ltr'><strong>metallis</strong></span> <span class='ocrx_word' id='word_1_242' title='bbox 411 3896 427 3922; x_wconf 86' lang='lat'>‚</span> <span class='ocrx_word' id='word_1_243' title='bbox 443 3861 558 3931; x_wconf 81' lang='lat' dir='ltr'><strong>Qua</strong></span> <span class='ocrx_word' id='word_1_244' title='bbox 573 3857 651 3910; x_wconf 87' lang='lat' dir='ltr'><strong>nil</strong></span> <span class='ocrx_word' id='word_1_245' title='bbox 660 3857 863 3911; x_wconf 85' lang='lat' dir='ltr'><strong>uberius</strong></span> <span class='ocrx_word' id='word_1_246' title='bbox 880 3853 1066 3908; x_wconf 80' lang='lat' dir='ltr'><strong>Norica</strong></span> <span class='ocrx_word' id='word_1_247' title='bbox 1080 3853 1199 3922; x_wconf 81' lang='lat' dir='ltr'><strong>gle-</strong></span> 
     </span>
     <span class='ocr_line' id='line_1_44' title="bbox 170 3931 1199 4007; baseline -0.009 -16"><span class='ocrx_word' id='word_1_248' title='bbox 170 3937 244 3991; x_wconf 77' lang='lat' dir='ltr'><strong>ba</strong></span> <span class='ocrx_word' id='word_1_249' title='bbox 280 3937 428 4000; x_wconf 72' lang='lat' dir='ltr'><strong>tulit3</strong></span> <span class='ocrx_word' id='word_1_250' title='bbox 472 3939 596 3990; x_wconf 78' lang='lat' dir='ltr'><strong>Non</strong></span> <span class='ocrx_word' id='word_1_251' title='bbox 622 3935 817 3989; x_wconf 81' lang='lat' dir='ltr'><strong>Biturix</strong></span> <span class='ocrx_word' id='word_1_252' title='bbox 850 3934 996 4007; x_wconf 77' lang='lat' dir='ltr'><strong>largo</strong></span> <span class='ocrx_word' id='word_1_253' title='bbox 1034 3931 1199 4004; x_wconf 88' lang='lat' dir='ltr'><strong>potior</strong></span> 
     </span>
     <span class='ocr_line' id='line_1_45' title="bbox 172 4008 1197 4082; baseline -0.009 -12"><span class='ocrx_word' id='word_1_254' title='bbox 172 4017 415 4070; x_wconf 70' lang='lat' dir='ltr'><strong>strictura</strong></span> <span class='ocrx_word' id='word_1_255' title='bbox 452 4015 684 4082; x_wconf 82' lang='lat' dir='ltr'><strong>camino;</strong></span> <span class='ocrx_word' id='word_1_256' title='bbox 719 4013 828 4066; x_wconf 78' lang='lat' dir='ltr'><strong>Nec</strong></span> <span class='ocrx_word' id='word_1_257' title='bbox 852 4028 965 4081; x_wconf 65' lang='lat' dir='ltr'><strong>que</strong></span> <span class='ocrx_word' id='word_1_258' title='bbox 998 4008 1197 4064; x_wconf 81' lang='lat' dir='ltr'><strong>Sardoo</strong></span> 
     </span>
    </p>
   </div>
   <div class='ocr_carea' id='block_1_5' title="bbox 374 4139 494 4205">
    <p class='ocr_par' dir='ltr' id='par_1_7' title="bbox 374 4139 494 4205">
     <span class='ocr_line' id='line_1_46' title="bbox 374 4139 494 4205; baseline 0 -1"><span class='ocrx_word' id='word_1_259' title='bbox 374 4139 494 4205; x_wconf 86' lang='lat' dir='ltr'><strong>lv.</strong></span> 
     </span>
    </p>
   </div>
   <div class='ocr_carea' id='block_1_6' title="bbox 1282 1039 2314 1509">
    <p class='ocr_par' dir='ltr' id='par_1_8' title="bbox 1282 1039 2314 1509">
     <span class='ocr_line' id='line_1_47' title="bbox 1286 1039 2307 1113; baseline 0.005 -20"><span class='ocrx_word' id='word_1_260' title='bbox 1286 1039 1468 1113; x_wconf 81' lang='lat' dir='ltr'><strong>cespite</strong></span> <span class='ocrx_word' id='word_1_261' title='bbox 1506 1060 1670 1097; x_wconf 88' lang='lat' dir='ltr'><strong>massa</strong></span> <span class='ocrx_word' id='word_1_262' title='bbox 1707 1042 1850 1109; x_wconf 76' lang='lat' dir='ltr'><strong>fluit,</strong></span> <span class='ocrx_word' id='word_1_263' title='bbox 1887 1056 1981 1098; x_wconf 84' lang='lat' dir='ltr'><strong>etc.</strong></span> <span class='ocrx_word' id='word_1_264' title='bbox 2006 1065 2035 1091; x_wconf 72' lang='grc' dir='ltr'><strong>ιο</strong></span> <span class='ocrx_word' id='word_1_265' title='bbox 2076 1044 2168 1099; x_wconf 86' lang='lat' dir='ltr'><strong>ubi</strong></span> <span class='ocrx_word' id='word_1_266' title='bbox 2201 1045 2307 1100; x_wconf 84' lang='lat' dir='ltr'><strong>vid.</strong></span> 
     </span>
     <span class='ocr_line' id='line_1_48' title="bbox 1282 1116 2311 1197; baseline 0.006 -28"><span class='ocrx_word' id='word_1_267' title='bbox 1282 1116 1430 1169; x_wconf 87' lang='lat' dir='ltr'><strong>Poet·</strong></span> <span class='ocrx_word' id='word_1_268' title='bbox 1448 1116 1555 1171; x_wconf 80' lang='lat' dir='ltr'><strong>Lat.</strong></span> <span class='ocrx_word' id='word_1_269' title='bbox 1577 1120 1703 1172; x_wconf 87' lang='lat' dir='ltr'><strong>min.</strong></span> <span class='ocrx_word' id='word_1_270' title='bbox 1723 1122 2148 1191; x_wconf 73' lang='lat' dir='ltr'><strong>Wernsdors.V‚</strong></span> <span class='ocrx_word' id='word_1_271' title='bbox 2179 1143 2198 1175; x_wconf 84' lang='grc' dir='ltr'><strong>ι</strong></span> <span class='ocrx_word' id='word_1_272' title='bbox 2218 1165 2232 1191; x_wconf 85' lang='grc'>,</span> <span class='ocrx_word' id='word_1_273' title='bbox 2259 1146 2311 1197; x_wconf 87' lang='lat' dir='ltr'><strong>p.</strong></span> 
     </span>
     <span class='ocr_line' id='line_1_49' title="bbox 1290 1196 2310 1275; baseline 0.006 -28"><span class='ocrx_word' id='word_1_274' title='bbox 1290 1196 1400 1249; x_wconf 70' lang='lat'><em>13¹.</em></span> <span class='ocrx_word' id='word_1_275' title='bbox 1425 1196 1652 1263; x_wconf 62' lang='lat' dir='ltr'><strong>(Nostro</strong></span> <span class='ocrx_word' id='word_1_276' title='bbox 1676 1196 1960 1265; x_wconf 82' lang='lat' dir='ltr'><strong>Editionis,</strong></span> <span class='ocrx_word' id='word_1_277' title='bbox 1983 1202 2106 1253; x_wconf 82' lang='lat' dir='ltr'><strong>Vol.</strong></span> <span class='ocrx_word' id='word_1_278' title='bbox 2131 1201 2209 1252; x_wconf 87' lang='lat' dir='ltr'><strong>1v</strong></span> <span class='ocrx_word' id='word_1_279' title='bbox 2225 1240 2240 1269; x_wconf 85' lang='lat'><strong><em>,</em></strong></span> <span class='ocrx_word' id='word_1_280' title='bbox 2262 1223 2310 1275; x_wconf 88' lang='lat' dir='ltr'><strong>p.</strong></span> 
     </span>
     <span class='ocr_line' id='line_1_50' title="bbox 1291 1275 2312 1352; baseline 0.005 -25"><span class='ocrx_word' id='word_1_281' title='bbox 1291 1277 1428 1345; x_wconf 65' lang='grc' dir='ltr'><strong>ιη).</strong></span> <span class='ocrx_word' id='word_1_282' title='bbox 1447 1275 1698 1330; x_wconf 68' lang='lat' dir='ltr'><strong>Ceterum</strong></span> <span class='ocrx_word' id='word_1_283' title='bbox 1714 1278 1925 1333; x_wconf 79' lang='lat' dir='ltr'><strong>ridicule</strong></span> <span class='ocrx_word' id='word_1_284' title='bbox 1951 1280 2312 1352; x_wconf 84' lang='lat' dir='ltr'><strong>porrectiorem</strong></span> 
     </span>
     <span class='ocr_line' id='line_1_51' title="bbox 1288 1352 2313 1411; baseline 0.006 -6"><span class='ocrx_word' id='word_1_285' title='bbox 1288 1352 1400 1405; x_wconf 80' lang='lat' dir='ltr'><strong>llva</strong></span> <span class='ocrx_word' id='word_1_286' title='bbox 1425 1352 1684 1409; x_wconf 81' lang='lat' dir='ltr'><strong>Corsicam</strong></span> <span class='ocrx_word' id='word_1_287' title='bbox 1709 1376 1812 1411; x_wconf 88' lang='lat' dir='ltr'><strong>esse</strong></span> <span class='ocrx_word' id='word_1_288' title='bbox 1827 1357 2156 1411; x_wconf 80' lang='lat' dir='ltr'><strong>monet.Nam</strong></span> <span class='ocrx_word' id='word_1_289' title='bbox 2174 1370 2313 1411; x_wconf 89' lang='lat' dir='ltr'><strong>tanta</strong></span> 
     </span>
     <span class='ocr_line' id='line_1_52' title="bbox 1287 1430 2314 1509; baseline 0.003 -23"><span class='ocrx_word' id='word_1_290' title='bbox 1287 1444 1362 1486; x_wconf 87' lang='lat' dir='ltr'><strong>est</strong></span> <span class='ocrx_word' id='word_1_291' title='bbox 1381 1430 1720 1505; x_wconf 75' lang='lat' dir='ltr'><strong>longitudinis</strong></span> <span class='ocrx_word' id='word_1_292' title='bbox 1745 1436 2123 1509; x_wconf 74' lang='lat' dir='ltr'><strong>latitudinisque</strong></span> <span class='ocrx_word' id='word_1_293' title='bbox 2151 1436 2314 1489; x_wconf 75' lang='lat' dir='ltr'><strong>diffe-</strong></span> 
     </span>
    </p>
   </div>
   <div class='ocr_carea' id='block_1_7' title="bbox 2352 678 2382 729">
    <p class='ocr_par' dir='ltr' id='par_1_9' title="bbox 2352 678 2382 729">
     <span class='ocr_line' id='line_1_53' title="bbox 2352 678 2382 729; baseline 0 0"><span class='ocrx_word' id='word_1_294' title='bbox 2352 678 2382 729; x_wconf 80' lang='lat'><strong>5</strong></span> 
     </span>
    </p>
   </div>
   <div class='ocr_carea' id='block_1_8' title="bbox 1285 1512 2366 1587">
    <p class='ocr_par' dir='ltr' id='par_1_10' title="bbox 1285 1512 2366 1587">
     <span class='ocr_line' id='line_1_54' title="bbox 1285 1512 2366 1587; baseline 0.004 -22"><span class='ocrx_word' id='word_1_295' title='bbox 1285 1514 1487 1579; x_wconf 73' lang='lat' dir='ltr'><strong>tentia,</strong></span> <span class='ocrx_word' id='word_1_296' title='bbox 1527 1524 1584 1564; x_wconf 85' lang='lat' dir='ltr'><strong>ut</strong></span> <span class='ocrx_word' id='word_1_297' title='bbox 1625 1532 1911 1587; x_wconf 84' lang='lat' dir='ltr'><strong>comparare</strong></span> <span class='ocrx_word' id='word_1_298' title='bbox 1951 1512 2065 1565; x_wconf 82' lang='lat' dir='ltr'><strong>illas</strong></span> <span class='ocrx_word' id='word_1_299' title='bbox 2115 1514 2316 1567; x_wconf 86' lang='lat' dir='ltr'><strong>nemini</strong></span> <span class='ocrx_word' id='word_1_300' title='bbox 2359 1562 2366 1569; x_wconf 92' lang='lat'>.</span> 
     </span>
    </p>
   </div>
   <div class='ocr_carea' id='block_1_9' title="bbox 1280 1590 2320 4084">
    <p class='ocr_par' dir='ltr' id='par_1_11' title="bbox 1284 1590 2316 1953">
     <span class='ocr_line' id='line_1_55' title="bbox 1288 1590 2312 1645; baseline 0.002 -2"><span class='ocrx_word' id='word_1_301' title='bbox 1288 1610 1425 1643; x_wconf 88' lang='lat' dir='ltr'><strong>nunc</strong></span> <span class='ocrx_word' id='word_1_302' title='bbox 1451 1590 1507 1641; x_wconf 91' lang='lat' dir='ltr'><strong>in</strong></span> <span class='ocrx_word' id='word_1_303' title='bbox 1528 1602 1753 1644; x_wconf 82' lang='lat' dir='ltr'><strong>mentem</strong></span> <span class='ocrx_word' id='word_1_304' title='bbox 1776 1590 1961 1645; x_wconf 79' lang='lat' dir='ltr'><strong>veniat.</strong></span> <span class='ocrx_word' id='word_1_305' title='bbox 1987 1590 2087 1644; x_wconf 86' lang='lat' dir='ltr'><strong>Sed</strong></span> <span class='ocrx_word' id='word_1_306' title='bbox 2105 1590 2312 1645; x_wconf 73' lang='lat' dir='ltr'><strong>Senecae</strong></span> 
     </span>
     <span class='ocr_line' id='line_1_56' title="bbox 1284 1667 2316 1743; baseline 0.003 -24"><span class='ocrx_word' id='word_1_307' title='bbox 1284 1668 1596 1741; x_wconf 73' lang='lat' dir='ltr'><strong>temporibus</strong></span> <span class='ocrx_word' id='word_1_308' title='bbox 1604 1669 1880 1722; x_wconf 82' lang='lat' dir='ltr'><strong>multarum</strong></span> <span class='ocrx_word' id='word_1_309' title='bbox 1893 1670 2162 1741; x_wconf 73' lang='lat' dir='ltr'><strong>regionum</strong></span> <span class='ocrx_word' id='word_1_310' title='bbox 2173 1667 2316 1743; x_wconf 82' lang='lat' dir='ltr'><strong>igno-</strong></span> 
     </span>
     <span class='ocr_line' id='line_1_57' title="bbox 1286 1742 2315 1819; baseline 0 -22"><span class='ocrx_word' id='word_1_311' title='bbox 1286 1756 1351 1797; x_wconf 74' lang='lat' dir='ltr'><strong>tae</strong></span> <span class='ocrx_word' id='word_1_312' title='bbox 1380 1742 1559 1817; x_wconf 62' lang='lat' dir='ltr'><strong>figure</strong></span> <span class='ocrx_word' id='word_1_313' title='bbox 1583 1756 1755 1814; x_wconf 83' lang='lat' dir='ltr'><strong>erant,</strong></span> <span class='ocrx_word' id='word_1_314' title='bbox 1779 1764 1946 1817; x_wconf 83' lang='lat' dir='ltr'><strong>neque</strong></span> <span class='ocrx_word' id='word_1_315' title='bbox 1981 1746 2164 1801; x_wconf 64' lang='lat' dir='ltr'><strong>tabule</strong></span> <span class='ocrx_word' id='word_1_316' title='bbox 2195 1767 2315 1819; x_wconf 83' lang='lat' dir='ltr'><strong>geo-</strong></span> 
     </span>
     <span class='ocr_line' id='line_1_58' title="bbox 1287 1820 2315 1897; baseline 0.002 -22"><span class='ocrx_word' id='word_1_317' title='bbox 1287 1820 1570 1897; x_wconf 74' lang='lat' dir='ltr'><strong>graphicae,</strong></span> <span class='ocrx_word' id='word_1_318' title='bbox 1592 1820 1788 1893; x_wconf 80' lang='lat' dir='ltr'><strong>alioqui</strong></span> <span class='ocrx_word' id='word_1_319' title='bbox 1805 1841 1951 1891; x_wconf 64' lang='lat' dir='ltr'><strong>rare,</strong></span> <span class='ocrx_word' id='word_1_320' title='bbox 1977 1843 2148 1877; x_wconf 76' lang='lat' dir='ltr'><strong>veram</strong></span> <span class='ocrx_word' id='word_1_321' title='bbox 2172 1834 2315 1877; x_wconf 77' lang='lat' dir='ltr'><strong>terrae</strong></span> 
     </span>
     <span class='ocr_line' id='line_1_59' title="bbox 1288 1898 1852 1953; baseline 0 0"><span class='ocrx_word' id='word_1_322' title='bbox 1288 1900 1512 1953; x_wconf 74' lang='lat' dir='ltr'><strong>sormam</strong></span> <span class='ocrx_word' id='word_1_323' title='bbox 1533 1898 1852 1953; x_wconf 80' lang='lat' dir='ltr'><strong>exhibebant.</strong></span> 
     </span>
    </p>

    <p class='ocr_par' dir='ltr' id='par_1_12' title="bbox 1280 1976 2316 2911">
     <span class='ocr_line' id='line_1_60' title="bbox 1355 1976 2316 2053; baseline 0 -22"><span class='ocrx_word' id='word_1_324' title='bbox 1355 1979 1403 2047; x_wconf 72' lang='grc'><strong>4.</strong></span> <span class='ocrx_word' id='word_1_325' title='bbox 1414 1976 2032 2049; x_wconf 74' lang='lat' dir='ltr'><strong>Pe&#39;scose&#39;s...flume&#39;m‘bus.</strong></span> <span class='ocrx_word' id='word_1_326' title='bbox 2045 1980 2208 2053; x_wconf 87' lang='lat' dir='ltr'><strong>Supra</strong></span> <span class='ocrx_word' id='word_1_327' title='bbox 2223 1980 2316 2032; x_wconf 84' lang='lat' dir='ltr'><strong>tri-</strong></span> 
     </span>
     <span class='ocr_line' id='line_1_61' title="bbox 1289 2055 2312 2131; baseline 0.001 -23"><span class='ocrx_word' id='word_1_328' title='bbox 1289 2055 1430 2131; x_wconf 77' lang='lat' dir='ltr'><strong>ginta</strong></span> <span class='ocrx_word' id='word_1_329' title='bbox 1446 2056 1660 2111; x_wconf 80' lang='lat' dir='ltr'><strong>flumina</strong></span> <span class='ocrx_word' id='word_1_330' title='bbox 1683 2056 1870 2112; x_wconf 64' lang='lat' dir='ltr'><strong>tabula</strong></span> <span class='ocrx_word' id='word_1_331' title='bbox 1887 2058 2240 2131; x_wconf 66' lang='lat' dir='ltr'><strong>geographicae</strong></span> <span class='ocrx_word' id='word_1_332' title='bbox 2259 2058 2312 2110; x_wconf 88' lang='lat' dir='ltr'><strong>in</strong></span> 
     </span>
     <span class='ocr_line' id='line_1_62' title="bbox 1288 2136 2316 2210; baseline -0.002 -21"><span class='ocrx_word' id='word_1_333' title='bbox 1288 2155 1346 2189; x_wconf 84' lang='lat' dir='ltr'><strong>ca</strong></span> <span class='ocrx_word' id='word_1_334' title='bbox 1373 2147 1598 2188; x_wconf 86' lang='lat' dir='ltr'><strong>asserunt</strong></span> <span class='ocrx_word' id='word_1_335' title='bbox 1633 2153 1646 2189; x_wconf 71' lang='grc' dir='ltr'><strong><em>ε</em></strong></span> <span class='ocrx_word' id='word_1_336' title='bbox 1671 2136 1758 2189; x_wconf 86' lang='lat' dir='ltr'><strong>sed</strong></span> <span class='ocrx_word' id='word_1_337' title='bbox 1784 2154 1936 2210; x_wconf 79' lang='lat' dir='ltr'><strong>parva</strong></span> <span class='ocrx_word' id='word_1_338' title='bbox 1971 2146 2092 2189; x_wconf 88' lang='lat' dir='ltr'><strong>sunt</strong></span> <span class='ocrx_word' id='word_1_339' title='bbox 2123 2148 2172 2189; x_wconf 88' lang='lat' dir='ltr'><strong>et</strong></span> <span class='ocrx_word' id='word_1_340' title='bbox 2201 2148 2316 2189; x_wconf 84' lang='lat' dir='ltr'><strong>tor-</strong></span> 
     </span>
     <span class='ocr_line' id='line_1_63' title="bbox 1288 2213 2314 2286; baseline -0.002 -18"><span class='ocrx_word' id='word_1_341' title='bbox 1288 2227 1455 2268; x_wconf 88' lang='lat' dir='ltr'><strong>rentes</strong></span> <span class='ocrx_word' id='word_1_342' title='bbox 1470 2235 1499 2268; x_wconf 87' lang='lat' dir='ltr'><strong>a</strong></span> <span class='ocrx_word' id='word_1_343' title='bbox 1510 2214 1769 2268; x_wconf 82' lang='lat' dir='ltr'><strong>montibus</strong></span> <span class='ocrx_word' id='word_1_344' title='bbox 1784 2226 1984 2268; x_wconf 86' lang='lat' dir='ltr'><strong>ruentes</strong></span> <span class='ocrx_word' id='word_1_345' title='bbox 2005 2214 2127 2268; x_wconf 80' lang='lat' dir='ltr'><strong>nive</strong></span> <span class='ocrx_word' id='word_1_346' title='bbox 2150 2213 2314 2286; x_wconf 82' lang='lat' dir='ltr'><strong>lique-</strong></span> 
     </span>
     <span class='ocr_line' id='line_1_64' title="bbox 1284 2292 2309 2368; baseline -0.004 -19"><span class='ocrx_word' id='word_1_347' title='bbox 1284 2305 1457 2349; x_wconf 83' lang='lat' dir='ltr'><strong>scente</strong></span> <span class='ocrx_word' id='word_1_348' title='bbox 1481 2293 1768 2368; x_wconf 78' lang='lat' dir='ltr'><strong>pluviisque</strong></span> <span class='ocrx_word' id='word_1_349' title='bbox 1791 2292 2162 2368; x_wconf 77' lang='lat' dir='ltr'><strong>ingruentibus.</strong></span> <span class='ocrx_word' id='word_1_350' title='bbox 2189 2293 2309 2345; x_wconf 83' lang='lat' dir='ltr'><strong>Alio</strong></span> 
     </span>
     <span class='ocr_line' id='line_1_65' title="bbox 1285 2370 2314 2443; baseline -0.004 -17"><span class='ocrx_word' id='word_1_351' title='bbox 1285 2375 1456 2443; x_wconf 87' lang='lat' dir='ltr'><strong>itaque</strong></span> <span class='ocrx_word' id='word_1_352' title='bbox 1479 2385 1702 2443; x_wconf 82' lang='lat' dir='ltr'><strong>tempore</strong></span> <span class='ocrx_word' id='word_1_353' title='bbox 1719 2409 1735 2436; x_wconf 87' lang='lat'>‚</span> <span class='ocrx_word' id='word_1_354' title='bbox 1753 2391 1795 2425; x_wconf 88' lang='lat' dir='ltr'><strong>e.</strong></span> <span class='ocrx_word' id='word_1_355' title='bbox 1817 2391 1860 2424; x_wconf 91' lang='lat' dir='ltr'><strong>c.</strong></span> <span class='ocrx_word' id='word_1_356' title='bbox 1879 2379 2046 2425; x_wconf 64' lang='lat' dir='ltr'><strong>astate</strong></span> <span class='ocrx_word' id='word_1_357' title='bbox 2059 2409 2074 2437; x_wconf 85' lang='lat'>,</span> <span class='ocrx_word' id='word_1_358' title='bbox 2096 2391 2161 2423; x_wconf 91' lang='lat' dir='ltr'><strong>ne</strong></span> <span class='ocrx_word' id='word_1_359' title='bbox 2181 2370 2314 2422; x_wconf 79' lang='lat' dir='ltr'><strong>bau-</strong></span> 
     </span>
     <span class='ocr_line' id='line_1_66' title="bbox 1284 2447 2313 2521; baseline 0 -19"><span class='ocrx_word' id='word_1_360' title='bbox 1284 2459 1420 2502; x_wconf 84' lang='lat' dir='ltr'><strong>stum</strong></span> <span class='ocrx_word' id='word_1_361' title='bbox 1441 2447 1650 2521; x_wconf 87' lang='lat' dir='ltr'><strong>quidem</strong></span> <span class='ocrx_word' id='word_1_362' title='bbox 1673 2467 1816 2520; x_wconf 75' lang='lat' dir='ltr'><strong>aquae</strong></span> <span class='ocrx_word' id='word_1_363' title='bbox 1845 2447 1940 2515; x_wconf 84' lang='lat' dir='ltr'><strong>(de</strong></span> <span class='ocrx_word' id='word_1_364' title='bbox 1959 2467 2060 2520; x_wconf 86' lang='lat' dir='ltr'><strong>quo</strong></span> <span class='ocrx_word' id='word_1_365' title='bbox 2085 2448 2313 2519; x_wconf 80' lang='lat' dir='ltr'><strong>queritur</strong></span> 
     </span>
     <span class='ocr_line' id='line_1_67' title="bbox 1282 2525 2311 2600; baseline -0.002 -20"><span class='ocrx_word' id='word_1_366' title='bbox 1282 2527 1342 2580; x_wconf 87' lang='lat' dir='ltr'><strong>in</strong></span> <span class='ocrx_word' id='word_1_367' title='bbox 1363 2525 1541 2600; x_wconf 83' lang='lat' dir='ltr'><strong>Epigr.</strong></span> <span class='ocrx_word' id='word_1_368' title='bbox 1563 2544 1666 2595; x_wconf 87' lang='lat' dir='ltr'><strong>seq.</strong></span> <span class='ocrx_word' id='word_1_369' title='bbox 1689 2544 1817 2578; x_wconf 83' lang='lat' dir='ltr'><strong>vers.</strong></span> <span class='ocrx_word' id='word_1_370' title='bbox 1844 2527 1906 2595; x_wconf 84' lang='lat'><strong>7)</strong></span> <span class='ocrx_word' id='word_1_371' title='bbox 1937 2526 2156 2599; x_wconf 82' lang='lat' dir='ltr'><strong>reperire</strong></span> <span class='ocrx_word' id='word_1_372' title='bbox 2177 2526 2311 2579; x_wconf 87' lang='lat' dir='ltr'><strong>licet.</strong></span> 
     </span>
     <span class='ocr_line' id='line_1_68' title="bbox 1280 2601 2307 2668; baseline -0.001 -11"><span class='ocrx_word' id='word_1_373' title='bbox 1280 2603 1480 2658; x_wconf 86' lang='lat' dir='ltr'><strong>&#39;Seneca</strong></span> <span class='ocrx_word' id='word_1_374' title='bbox 1499 2603 1556 2656; x_wconf 89' lang='lat' dir='ltr'><strong>iu</strong></span> <span class='ocrx_word' id='word_1_375' title='bbox 1571 2601 1932 2656; x_wconf 70' lang='lat' dir='ltr'><strong>Consolatione</strong></span> <span class='ocrx_word' id='word_1_376' title='bbox 1955 2603 2017 2656; x_wconf 82' lang='lat' dir='ltr'><strong>ad</strong></span> <span class='ocrx_word' id='word_1_377' title='bbox 2039 2605 2277 2660; x_wconf 80' lang='lat' dir='ltr'><strong>Helviam</strong></span> <span class='ocrx_word' id='word_1_378' title='bbox 2293 2644 2307 2668; x_wconf 87' lang='lat'><strong>‚</strong></span> 
     </span>
     <span class='ocr_line' id='line_1_69' title="bbox 1284 2679 2310 2760; baseline 0 -24"><span class='ocrx_word' id='word_1_379' title='bbox 1284 2702 1392 2757; x_wconf 86' lang='lat' dir='ltr'><strong>cap.</strong></span> <span class='ocrx_word' id='word_1_380' title='bbox 1421 2681 1496 2734; x_wconf 81' lang='lat' dir='ltr'><strong>lx</strong></span> <span class='ocrx_word' id='word_1_381' title='bbox 1513 2721 1529 2750; x_wconf 82' lang='lat'>‚</span> <span class='ocrx_word' id='word_1_382' title='bbox 1560 2701 1591 2736; x_wconf 77' lang='lat'>2</span> <span class='ocrx_word' id='word_1_383' title='bbox 1623 2679 1905 2738; x_wconf 85' lang='lat' dir='ltr'><strong>consentit:</strong></span> <span class='ocrx_word' id='word_1_384' title='bbox 1931 2707 1958 2732; x_wconf 74' lang='grc' dir='ltr'><strong>α</strong></span> <span class='ocrx_word' id='word_1_385' title='bbox 1979 2704 2087 2738; x_wconf 90' lang='lat' dir='ltr'><strong>non</strong></span> <span class='ocrx_word' id='word_1_386' title='bbox 2107 2687 2310 2760; x_wconf 78' lang='lat' dir='ltr'><strong>magnis</strong></span> 
     </span>
     <span class='ocr_line' id='line_1_70' title="bbox 1285 2754 2310 2833; baseline 0.003 -20"><span class='ocrx_word' id='word_1_387' title='bbox 1285 2773 1335 2814; x_wconf 84' lang='lat' dir='ltr'><strong>et</strong></span> <span class='ocrx_word' id='word_1_388' title='bbox 1367 2754 1737 2833; x_wconf 81' lang='lat' dir='ltr'><strong>navigabilibus</strong></span> <span class='ocrx_word' id='word_1_389' title='bbox 1763 2757 2033 2816; x_wconf 80' lang='lat' dir='ltr'><strong>fluminum</strong></span> <span class='ocrx_word' id='word_1_390' title='bbox 2057 2762 2214 2816; x_wconf 79' lang='lat' dir='ltr'><strong>alveis</strong></span> <span class='ocrx_word' id='word_1_391' title='bbox 2237 2763 2310 2816; x_wconf 88' lang='lat' dir='ltr'><strong>ir-</strong></span> 
     </span>
     <span class='ocr_line' id='line_1_71' title="bbox 1284 2839 1755 2911; baseline -0.004 -19"><span class='ocrx_word' id='word_1_392' title='bbox 1284 2839 1493 2911; x_wconf 81' lang='lat' dir='ltr'><strong>rigatur.</strong></span> <span class='ocrx_word' id='word_1_393' title='bbox 1519 2859 1546 2885; x_wconf 73' lang='lat'><strong>³·</strong></span> <span class='ocrx_word' id='word_1_394' title='bbox 1574 2839 1755 2890; x_wconf 76' lang='lat' dir='ltr'><strong>Ruhk.</strong></span> 
     </span>
    </p>

    <p class='ocr_par' dir='ltr' id='par_1_13' title="bbox 1282 2913 2311 3688">
     <span class='ocr_line' id='line_1_72' title="bbox 1353 2913 2310 2983; baseline -0.002 -11"><span class='ocrx_word' id='word_1_395' title='bbox 1353 2922 1400 2972; x_wconf 90' lang='grc'><strong>5.</strong></span> <span class='ocrx_word' id='word_1_396' title='bbox 1429 2917 1634 2971; x_wconf 71' lang='lat' dir='ltr'><strong>Corsica</strong></span> <span class='ocrx_word' id='word_1_397' title='bbox 1657 2913 1905 2970; x_wconf 67' lang='lat' dir='ltr'><strong>terribffi‘s</strong></span> <span class='ocrx_word' id='word_1_398' title='bbox 1919 2955 1934 2983; x_wconf 87' lang='lat'><strong>,</strong></span> <span class='ocrx_word' id='word_1_399' title='bbox 1957 2929 2051 2971; x_wconf 88' lang='lat' dir='ltr'><strong>etc.</strong></span> <span class='ocrx_word' id='word_1_400' title='bbox 2074 2921 2197 2973; x_wconf 80' lang='lat' dir='ltr'><strong>Haec</strong></span> <span class='ocrx_word' id='word_1_401' title='bbox 2217 2921 2310 2970; x_wconf 87' lang='lat' dir='ltr'><strong>‹le-</strong></span> 
     </span>
     <span class='ocr_line' id='line_1_73' title="bbox 1284 2993 2306 3068; baseline -0.001 -19"><span class='ocrx_word' id='word_1_402' title='bbox 1284 2993 1487 3068; x_wconf 87' lang='lat' dir='ltr'><strong>scriptio</strong></span> <span class='ocrx_word' id='word_1_403' title='bbox 1507 3014 1535 3048; x_wconf 84' lang='lat' dir='ltr'><strong>a</strong></span> <span class='ocrx_word' id='word_1_404' title='bbox 1562 2993 1924 3048; x_wconf 86' lang='lat' dir='ltr'><strong>recentioribus</strong></span> <span class='ocrx_word' id='word_1_405' title='bbox 1947 2997 2096 3049; x_wconf 87' lang='lat' dir='ltr'><strong>etiam</strong></span> <span class='ocrx_word' id='word_1_406' title='bbox 2118 2995 2306 3050; x_wconf 81' lang='lat' dir='ltr'><strong>confir-</strong></span> 
     </span>
     <span class='ocr_line' id='line_1_74' title="bbox 1282 3071 2308 3127; baseline 0.001 -1"><span class='ocrx_word' id='word_1_407' title='bbox 1282 3084 1464 3126; x_wconf 84' lang='lat' dir='ltr'><strong>matur.</strong></span> <span class='ocrx_word' id='word_1_408' title='bbox 1487 3071 1805 3126; x_wconf 72' lang='lat' dir='ltr'><strong>Gravitatem</strong></span> <span class='ocrx_word' id='word_1_409' title='bbox 1842 3073 1962 3127; x_wconf 83' lang='lat' dir='ltr'><strong>ideo</strong></span> <span class='ocrx_word' id='word_1_410' title='bbox 1992 3073 2102 3126; x_wconf 76' lang='lat' dir='ltr'><strong>caeli</strong></span> <span class='ocrx_word' id='word_1_411' title='bbox 2126 3073 2308 3127; x_wconf 78' lang='lat' dir='ltr'><strong>insulae</strong></span> 
     </span>
     <span class='ocr_line' id='line_1_75' title="bbox 1285 3150 2308 3206; baseline 0.001 -2"><span class='ocrx_word' id='word_1_412' title='bbox 1285 3150 1464 3205; x_wconf 87' lang='lat' dir='ltr'><strong>tribuit</strong></span> <span class='ocrx_word' id='word_1_413' title='bbox 1479 3153 1670 3206; x_wconf 77' lang='lat' dir='ltr'><strong>Seneca</strong></span> <span class='ocrx_word' id='word_1_414' title='bbox 1692 3150 1748 3204; x_wconf 92' lang='lat' dir='ltr'><strong>in</strong></span> <span class='ocrx_word' id='word_1_415' title='bbox 1775 3150 2032 3205; x_wconf 88' lang='lat' dir='ltr'><strong>Consolat.</strong></span> <span class='ocrx_word' id='word_1_416' title='bbox 2059 3153 2123 3204; x_wconf 83' lang='lat' dir='ltr'><strong>ad</strong></span> <span class='ocrx_word' id='word_1_417' title='bbox 2155 3153 2308 3205; x_wconf 84' lang='lat' dir='ltr'><strong>Helv.</strong></span> 
     </span>
     <span class='ocr_line' id='line_1_76' title="bbox 1286 3227 2308 3304; baseline 0.001 -22"><span class='ocrx_word' id='word_1_418' title='bbox 1286 3229 1420 3283; x_wconf 80' lang='lat' dir='ltr'><strong>Vln</strong></span> <span class='ocrx_word' id='word_1_419' title='bbox 1439 3269 1455 3296; x_wconf 85' lang='lat'>‚</span> <span class='ocrx_word' id='word_1_420' title='bbox 1485 3249 1502 3283; x_wconf 86' lang='grc' dir='ltr'><strong>ι</strong></span> <span class='ocrx_word' id='word_1_421' title='bbox 1523 3266 1538 3292; x_wconf 82' lang='lat'>,</span> <span class='ocrx_word' id='word_1_422' title='bbox 1563 3241 1712 3300; x_wconf 83' lang='lat' dir='ltr'><strong>atque</strong></span> <span class='ocrx_word' id='word_1_423' title='bbox 1739 3227 1937 3283; x_wconf 85' lang='lat' dir='ltr'><strong>aridum</strong></span> <span class='ocrx_word' id='word_1_424' title='bbox 1975 3241 2023 3283; x_wconf 93' lang='lat' dir='ltr'><strong>et</strong></span> <span class='ocrx_word' id='word_1_425' title='bbox 2047 3231 2308 3304; x_wconf 85' lang='lat' dir='ltr'><strong>spinosum</strong></span> 
     </span>
     <span class='ocr_line' id='line_1_77' title="bbox 1285 3305 2308 3362; baseline -0.001 0"><span class='ocrx_word' id='word_1_426' title='bbox 1285 3327 1460 3362; x_wconf 82' lang='lat' dir='ltr'><strong>saxum</strong></span> <span class='ocrx_word' id='word_1_427' title='bbox 1485 3318 1645 3359; x_wconf 82' lang='lat' dir='ltr'><strong>vocat.</strong></span> <span class='ocrx_word' id='word_1_428' title='bbox 1665 3305 2059 3362; x_wconf 57' lang='lat' dir='ltr'><strong>Rutila-Haec</strong></span> <span class='ocrx_word' id='word_1_429' title='bbox 2080 3309 2232 3362; x_wconf 74' lang='lat' dir='ltr'><strong>verba</strong></span> <span class='ocrx_word' id='word_1_430' title='bbox 2247 3309 2308 3362; x_wconf 90' lang='lat' dir='ltr'><strong>de</strong></span> 
     </span>
     <span class='ocr_line' id='line_1_78' title="bbox 1285 3383 2308 3454; baseline 0.001 -13"><span class='ocrx_word' id='word_1_431' title='bbox 1285 3398 1410 3441; x_wconf 63' lang='lat' dir='ltr'><strong>estu</strong></span> <span class='ocrx_word' id='word_1_432' title='bbox 1443 3383 1648 3454; x_wconf 85' lang='lat' dir='ltr'><strong>sideris,</strong></span> <span class='ocrx_word' id='word_1_433' title='bbox 1685 3385 1954 3442; x_wconf 80' lang='lat' dir='ltr'><strong>hominem</strong></span> <span class='ocrx_word' id='word_1_434' title='bbox 1991 3402 2229 3443; x_wconf 82' lang='lat' dir='ltr'><strong>exurente</strong></span> <span class='ocrx_word' id='word_1_435' title='bbox 2252 3391 2308 3442; x_wconf 87' lang='lat' dir='ltr'><strong>in</strong></span> 
     </span>
     <span class='ocr_line' id='line_1_79' title="bbox 1289 3462 2309 3538; baseline 0.004 -22"><span class='ocrx_word' id='word_1_436' title='bbox 1289 3462 1494 3516; x_wconf 85' lang='lat' dir='ltr'><strong>Corsica</strong></span> <span class='ocrx_word' id='word_1_437' title='bbox 1518 3500 1535 3529; x_wconf 85' lang='lat'><em>,</em></span> <span class='ocrx_word' id='word_1_438' title='bbox 1582 3475 1863 3537; x_wconf 71' lang='lat' dir='ltr'><strong>preparant</strong></span> <span class='ocrx_word' id='word_1_439' title='bbox 1899 3485 2119 3520; x_wconf 83' lang='lat' dir='ltr'><strong>acumen</strong></span> <span class='ocrx_word' id='word_1_440' title='bbox 2169 3467 2309 3538; x_wconf 86' lang='lat' dir='ltr'><strong>quod</strong></span> 
     </span>
     <span class='ocr_line' id='line_1_80' title="bbox 1288 3542 2311 3615; baseline 0.004 -20"><span class='ocrx_word' id='word_1_441' title='bbox 1288 3563 1436 3596; x_wconf 81' lang='lat' dir='ltr'><strong>versu</strong></span> <span class='ocrx_word' id='word_1_442' title='bbox 1459 3542 1645 3595; x_wconf 84' lang='lat' dir='ltr'><strong>ultimo</strong></span> <span class='ocrx_word' id='word_1_443' title='bbox 1669 3543 1898 3615; x_wconf 86' lang='lat' dir='ltr'><strong>sequitur</strong></span> <span class='ocrx_word' id='word_1_444' title='bbox 1925 3561 1939 3598; x_wconf 72' lang='grc' dir='ltr'><strong>ε</strong></span> <span class='ocrx_word' id='word_1_445' title='bbox 1965 3549 2202 3599; x_wconf 67' lang='lat' dir='ltr'><strong>vivorum</strong></span> <span class='ocrx_word' id='word_1_446' title='bbox 2228 3552 2311 3599; x_wconf 76' lang='lat' dir='ltr'><strong>ci-</strong></span> 
     </span>
     <span class='ocr_line' id='line_1_81' title="bbox 1288 3622 1642 3688; baseline 0 -16"><span class='ocrx_word' id='word_1_447' title='bbox 1288 3623 1402 3672; x_wconf 74' lang='lat' dir='ltr'><strong>neri</strong></span> <span class='ocrx_word' id='word_1_448' title='bbox 1421 3622 1521 3688; x_wconf 71' lang='lat' dir='ltr'><strong>sit,</strong></span> <span class='ocrx_word' id='word_1_449' title='bbox 1546 3631 1642 3673; x_wconf 85' lang='lat' dir='ltr'><strong>etc.</strong></span> 
     </span>
    </p>

    <p class='ocr_par' dir='ltr' id='par_1_14' title="bbox 1292 3695 2320 4084">
     <span class='ocr_line' id='line_1_82' title="bbox 1355 3695 2312 3774; baseline 0.004 -23"><span class='ocrx_word' id='word_1_450' title='bbox 1355 3697 1404 3751; x_wconf 79' lang='grc'><strong>6.</strong></span> <span class='ocrx_word' id='word_1_451' title='bbox 1423 3697 1601 3752; x_wconf 70' lang='lat' dir='ltr'><strong>Canis.</strong></span> <span class='ocrx_word' id='word_1_452' title='bbox 1617 3695 1882 3762; x_wconf 83' lang='lat' dir='ltr'><strong>Canicula,</strong></span> <span class='ocrx_word' id='word_1_453' title='bbox 1899 3697 2156 3774; x_wconf 80' lang='lat' dir='ltr'><strong>Procyon,</strong></span> <span class='ocrx_word' id='word_1_454' title='bbox 2173 3703 2312 3772; x_wconf 89' lang='lat' dir='ltr'><strong>quod</strong></span> 
     </span>
     <span class='ocr_line' id='line_1_83' title="bbox 1292 3773 2313 3851; baseline 0.005 -22"><span class='ocrx_word' id='word_1_455' title='bbox 1292 3773 1432 3830; x_wconf 83' lang='lat' dir='ltr'><strong>sidus</strong></span> <span class='ocrx_word' id='word_1_456' title='bbox 1452 3795 1612 3848; x_wconf 86' lang='lat' dir='ltr'><strong>quum</strong></span> <span class='ocrx_word' id='word_1_457' title='bbox 1629 3775 1688 3828; x_wconf 84' lang='lat' dir='ltr'><strong>in</strong></span> <span class='ocrx_word' id='word_1_458' title='bbox 1711 3775 1834 3830; x_wconf 64' lang='lat' dir='ltr'><strong>celo</strong></span> <span class='ocrx_word' id='word_1_459' title='bbox 1860 3793 2092 3851; x_wconf 82' lang='lat' dir='ltr'><strong>apparet,</strong></span> <span class='ocrx_word' id='word_1_460' title='bbox 2111 3779 2313 3834; x_wconf 84' lang='lat' dir='ltr'><strong>calidis·</strong></span> 
     </span>
     <span class='ocr_line' id='line_1_84' title="bbox 1294 3853 2314 3930; baseline 0.003 -23"><span class='ocrx_word' id='word_1_461' title='bbox 1294 3853 1424 3907; x_wconf 80' lang='lat' dir='ltr'><strong>sima</strong></span> <span class='ocrx_word' id='word_1_462' title='bbox 1448 3863 1520 3906; x_wconf 89' lang='lat' dir='ltr'><strong>est</strong></span> <span class='ocrx_word' id='word_1_463' title='bbox 1545 3865 1808 3927; x_wconf 78' lang='lat' dir='ltr'><strong>tempestas</strong></span> <span class='ocrx_word' id='word_1_464' title='bbox 1830 3873 1846 3918; x_wconf 65' lang='grc' dir='ltr'>ς</span> <span class='ocrx_word' id='word_1_465' title='bbox 1880 3855 2019 3909; x_wconf 86' lang='lat' dir='ltr'><strong>unde</strong></span> <span class='ocrx_word' id='word_1_466' title='bbox 2042 3856 2314 3930; x_wconf 77' lang='lat' dir='ltr'><strong>saepissime</strong></span> 
     </span>
     <span class='ocr_line' id='line_1_85' title="bbox 1294 3930 2320 4010; baseline 0.004 -26"><span class='ocrx_word' id='word_1_467' title='bbox 1294 3932 1430 4004; x_wconf 84' lang='lat' dir='ltr'><strong>apud</strong></span> <span class='ocrx_word' id='word_1_468' title='bbox 1466 3943 1638 4005; x_wconf 77' lang='lat' dir='ltr'><strong>poetas</strong></span> <span class='ocrx_word' id='word_1_469' title='bbox 1659 3951 1752 4005; x_wconf 88' lang='lat' dir='ltr'><strong>pro</strong></span> <span class='ocrx_word' id='word_1_470' title='bbox 1789 3930 2093 3987; x_wconf 82' lang='lat' dir='ltr'><strong>calidissima</strong></span> <span class='ocrx_word' id='word_1_471' title='bbox 2122 3947 2320 4010; x_wconf 88' lang='lat' dir='ltr'><strong>tempe-</strong></span> 
     </span>
     <span class='ocr_line' id='line_1_86' title="bbox 1293 4009 2207 4084; baseline 0.001 -21"><span class='ocrx_word' id='word_1_472' title='bbox 1293 4019 1418 4063; x_wconf 80' lang='lat' dir='ltr'><strong>state</strong></span> <span class='ocrx_word' id='word_1_473' title='bbox 1439 4029 1529 4081; x_wconf 85' lang='lat' dir='ltr'><strong>per</strong></span> <span class='ocrx_word' id='word_1_474' title='bbox 1553 4009 1905 4080; x_wconf 76' lang='lat' dir='ltr'><strong>metonymian</strong></span> <span class='ocrx_word' id='word_1_475' title='bbox 1925 4025 2207 4084; x_wconf 83' lang='lat' dir='ltr'><strong>usurpatur.</strong></span> 
     </span>
    </p>
   </div>
   <div class='ocr_carea' id='block_1_10' title="bbox 1938 4155 2019 4221">
    <p class='ocr_par' dir='ltr' id='par_1_15' title="bbox 1938 4155 2019 4221">
     <span class='ocr_line' id='line_1_87' title="bbox 1938 4155 2019 4221; baseline 0 0"><span class='ocrx_word' id='word_1_476' title='bbox 1938 4155 2019 4221; x_wconf 83' lang='lat'><strong>27</strong></span> 
     </span>
    </p>
   </div>
  </div>
 </body>
</html>
