2667 4475
382 304 470 377 90
970 282 1048 348 L.
1101 276 1456 345 ANNAEI
1506 275 1937 347 SENECAE

380 428 499 481 aut
531 412 954 503 interrogare
979 458 998 493 ‚
1041 410 1294 504 quare?
1327 406 1557 493 Adeo,
1600 410 1801 478 etiam
1850 410 1997 477 sine
2038 412 2300 481 ratione
2322 462 2340 497 ,
2381 415 2523 509 ipsa

377 530 629 598 veritas
666 526 880 595 ducit.
913 527 985 595 Si
1023 526 1407 595 reverentia
1447 523 1681 593 fraenat
1716 524 1981 593 animos
2018 548 2102 592 ac
2134 528 2302 595 vitia
2338 552 2521 599 com-

261 667 326 732 44
378 645 597 737 pescit
615 693 634 726 ‚
668 667 792 713 cur
822 666 960 711 non
989 658 1060 713 et
1083 641 1457 711 admonitio
1485 638 1667 709 idem
1694 641 1957 733 possit?
1984 642 2060 709 Si
2087 642 2383 737 imponit
2406 669 2529 739 pu·

256 1476 320 1540 45

249 2412 316 2479 46

376 759 612 827 dorem
663 758 1055 850 castigatiO,
1113 780 1239 826 cur
1290 754 1660 824 admonitio
1709 780 1849 825 non
1900 754 2102 825 faciat
2131 806 2153 838 ‚
2214 760 2419 829 ctiam
2470 764 2527 828 si

375 874 579 945 nudis
613 876 974 969 praeceptis
1009 876 1278 944 utitur?
1311 874 1439 945 Illa
1463 898 1623 943 vero
1650 874 1999 943 efficacior
2026 889 2131 943 est
2149 925 2173 960 ,
2220 892 2291 945 et
2328 877 2529 947 altius

372 1006 686 1088 penetrat
711 1044 730 1076 ,
774 1016 926 1085 quae
971 990 1247 1083 adjuvat
1279 992 1543 1059 ratione
1582 989 1767 1083 quod
1798 991 2162 1085 praecipit3
2204 1016 2365 1085 quae
2395 993 2528 1063 ad·-

365 1108 523 1200 jicit
547 1158 568 1189 ‚
612 1130 826 1203 quare
875 1108 1180 1200 quidque
1219 1106 1605 1175 faciendum
1656 1108 1777 1187 sit,
1836 1122 1905 1175 et
1956 1108 2111 1200 quis
2164 1107 2525 1179 facientem

373 1224 938 1318 obedientemque
974 1225 1329 1318 praeceptis
1378 1224 1639 1293 fructus
1676 1238 2045 1317 exspectet.
2104 1227 2176 1295 Si
2234 1228 2525 1325 imperio

372 1344 768 1438 proficitur,
819 1359 890 1413 ct
937 1341 1401 1413 admonitione
1453 1368 1469 1409 ι
1524 1342 1715 1435 atqui
1769 1343 2132 1436 proficitur
2180 1346 2521 1439 imperi03

371 1483 536 1553 ergo
566 1474 637 1528 et
659 1460 1152 1564 admonitione..
1191 1460 1272 1527 In
1310 1456 1479 1527 duas
1508 1464 1767 1553 partes¹
1806 1460 2023 1530 virtus
2056 1460 2421 1548 dividitur,
2454 1466 2527 1532 in

369 1578 1010 1673 contemplationem
1066 1578 1261 1660 veri,
1315 1593 1387 1645 et
1434 1577 1821 1664 actionem3
1876 1580 2525 1673 contemplationem

366 1692 706 1761 institutio
744 1690 953 1761 tradit
973 1740 994 1775 ,
1031 1692 1367 1759 actionem
1406 1688 1807 1759 admonitio.
1844 1694 2187 1763 Virtutem
2224 1711 2301 1763 et
2330 1720 2529 1766 excr-

367 1825 516 1891 cet,
572 1824 642 1877 et
685 1809 983 1878 ostendit
1031 1784 1220 1877 recta
1271 1808 1448 1876 actio
1508 1834 1523 1875 ε
1583 1822 1819 1877 acturo
1852 1824 2081 1877 autem
2134 1809 2193 1877 si
2242 1810 2523 1905 prodest

367 1926 489 2018 qui
523 1923 761 1994 suadet
781 1974 801 2009 ‚
847 1941 916 1993 et
935 1974 956 2009 ,
991 1926 1112 2017 qui
1146 1940 1425 2009 monet,
1462 1923 1795 2017 proderit.
1826 1928 2011 2019 Ergo
2038 1926 2097 1995 si
2124 1944 2318 1997 recta
2340 1932 2521 1999 actio

365 2044 606 2111 virtuti
648 2044 1026 2111 necessaria
1073 2057 1209 2126 est,
1257 2056 1479 2110 rectas
1529 2057 1757 2111 autem
1794 2044 2097 2112 actiones
2141 2043 2521 2115 admonitio

368 2159 815 2246 demonstran
857 2175 926 2227 et
958 2158 1330 2228 admonitio
1368 2161 1747 2229 necessaria
1778 2175 1905 2228 est.
1945 2144 2117 2229 Duae
2151 2186 2266 2231 res
2293 2164 2521 2257 pluri-

363 2303 545 2347 mum
585 2277 852 2347 roboris
885 2279 1110 2347 animo
1138 2278 1339 2363 dant,
1384 2276 1555 2346 fides
1586 2278 1772 2365 veri,
1805 2292 1875 2345 et
1908 2274 2165 2347 fiducia
2204 2307 2219 2345 :
2256 2297 2517 2351 utram-

363 2421 496 2490 que
531 2396 903 2466 admonitio
939 2397 1124 2466 facit.
1163 2399 1334 2466 Nam
1364 2413 1433 2466 et
1461 2395 1765 2466 creditur
1800 2395 1948 2483 illi3
1982 2412 2086 2480 et,
2120 2422 2337 2491 quum
2366 2424 2517 2470 cre-

361 2510 579 2580 ditum
616 2527 719 2580 est
741 2563 760 2596 ‚
807 2536 1090 2606 magnos
1135 2513 1405 2580 animus
1450 2488 1730 2604 {spiritus
1780 2511 2084 2605 concipit
2132 2535 2215 2580 ac
2260 2513 2513 2584 fiducia

361 2629 686 2721 impletur
711 2657 726 2696 ι
751 2653 918 2723 ergo
945 2627 1321 2697 admonitio
1348 2651 1487 2696 non
1516 2642 1619 2696 eat
1644 2650 2089 2722 supervacua.
2124 2633 2225 2699 M.
2261 2633 2517 2728 Agrip-

358 2770 449 2839 pa
471 2751 525 2828 ²,
567 2747 674 2814 vir
705 2746 1006 2840 ingentis
1043 2747 1288 2828 animi,
1346 2746 1465 2838 qui
1515 2744 1698 2814 solus
1739 2769 1820 2814 ex
1867 2746 1975 2816 his
2000 2797 2019 2830 ,
2064 2771 2235 2840 quos
2286 2751 2513 2822 civilia

360 2859 541 2932 bella
567 2863 784 2930 claros
804 2877 1251 2957 potentesque
1274 2862 1615 2945 fecerunt,
1649 2861 1811 2932 felix
1827 2865 1903 2932 in
1922 2862 2279 2957 publicum
2306 2861 2331 2902 ³
2350 2867 2504 2954 fuit,

360 2974 590 3045 dicere
615 2976 875 3048 solebat
898 3027 921 3064 ,
957 2977 1242 3046 multum
1269 3001 1342 3045 se
1366 2978 1532 3046 huic
1560 2977 1813 3048 debere
1838 2981 2192 3048 sententiae
2221 3007 2239 3046 ι
2274 3007 2306 3044 α
2338 2985 2509 3053 Nam

427 3214 470 3246 ι.
506 3194 580 3246 In
612 3197 752 3248 duas
771 3205 967 3266 partes.
991 3195 1112 3250 Haee
1139 3207 1214 3248 est
1241 3194 1381 3249 Stoae

357 3275 570 3345 divisio,
597 3295 752 3348 qnam
777 3295 907 3351 soepe
933 3276 1145 3350 explicat
1164 3279 1375 3341 Noster,

357 3375 402 3408 e.
424 3375 467 3408 c.
491 3355 554 3408 de
581 3355 704 3408 Vita
728 3355 870 3408 Beat-
906 3355 988 3422 31,
1021 3355 1083 3409 32
1104 3397 1118 3418 ‚
1143 3357 1207 3408 cf.
1229 3373 1381 3428 supra

356 3433 424 3486 ad
464 3434 512 3503 §-
551 3455 630 3489 αα.
675 3434 860 3510 Attigit
897 3433 1029 3487 hanc
1069 3433 1379 3487 divisionem

273 3541 283 3550 ·
357 3513 556 3584 Lipsius
580 3513 636 3565 in
660 3511 874 3565 Mauud.
895 3513 945 3565 Il
963 3551 978 3581 ‚
1005 3515 1050 3564 5.
1076 3503 1258 3564 Ruhk.

421 3611 467 3643 2.
523 3591 606 3644 M.
657 3591 918 3662 Agrippa.
975 3591 1048 3644 M.
1105 3588 1378 3662 Vipsanius

353 3667 580 3742 Agrippa
607 3667 731 3720 inde
775 3667 840 3720 ab
881 3689 930 3722 a.
967 3669 1035 3720 U.
1083 3666 1178 3738 733
1221 3685 1379 3738 gener

357 3746 574 3818 Augusti
595 3785 608 3810 ,
655 3745 795 3817 cujus
841 3748 1097 3802 fortunam
1137 3748 1240 3819 jam
1289 3747 1377 3801 diu

355 3838 472 3880 ante
498 3825 702 3900 egregie
731 3838 933 3878 auxerat
955 3845 968 3880 ε
989 3846 1033 3879 a.
1057 3825 1125 3878 U.
1151 3828 1246 3893 ¹7¹4
1271 3840 1381 3879 erat

353 3913 558 3978 praetor,
587 3904 771 3958 deinde
793 3904 958 3958 victor
979 3903 1112 3957 Sext.
1138 3904 1374 3976 Pompeii

353 3997 402 4037 et
417 3987 491 4039 M.
510 3983 721 4039 Antonii
740 3983 973 4053 pluribus
991 3983 1206 4056 praeliis:
1227 3997 1376 4037 mort.

353 4079 397 4113 a.
422 4063 486 4116 U.
508 4083 550 4116 c.
585 4063 680 4134 '74²
703 4102 720 4132 ,
741 4075 858 4118 ante
885 4061 1070 4116 Christ.
1105 4083 1178 4117 ια.
1201 4063 1280 4117 Cf-
1309 4062 1375 4117 de

1480 3194 1590 3248 viro
1606 3195 1705 3248 hoc
1718 3195 2130 3269 praestantissimo
2143 3200 2168 3250 1
2173 3197 2436 3258 ’Histoire
2447 3206 2509 3256 de

1476 3273 1697 3328 I'Acad.
1730 3277 1822 3326 des
1847 3274 2095 3344 Inscripe.
2120 3275 2243 3330 Vol.
2277 3279 2403 3345 XL,
2440 3279 2501 3346 37

1476 3373 1585 3425 aqq.
1612 3352 1795 3406 Ruhk.
1826 3389 1833 3394 -

1458 3449 1463 3454 ’
1544 3431 1593 3484 3.
1608 3432 1775 3484 Felix
1787 3435 1843 3484 e'n
1850 3433 2119 3503 publicum
2118 3431 2255 3503 fuit.
2270 3433 2505 3504 Lag-mn-

1470 3528 1538 3578 ge
1554 3509 1703 3562 vertit
1716 3528 1733 3563 .·
1748 3510 1811 3562 F
1802 3520 1861 3562 ut
1878 3513 1993 3562 seul
2004 3513 2243 3563 Iecur-eux
2256 3523 2430 3566 contre
2447 3518 2503 3567 la

1477 3585 1790 3657 re'pubh’qne.
1808 3587 1949 3657 Quid
1966 3585 2174 3641 autem?
2193 3589 2380 3653 Caesar,
2398 3593 2503 3644 An-

1474 3679 1649 3739 gustus
1666 3685 1775 3719 non
1796 3667 1939 3719 fuere
1958 3665 2129 3720 felices
2148 3665 2205 3717 in
2227 3667 2503 3740 rempubli-

1474 3766 1585 3801 cam
1600 3785 1617 3812 ,
1642 3745 1729 3817 qui
1753 3744 2037 3798 libertatem
2060 3745 2390 3800 everterunt?
2414 3747 2503 3800 de-

1474 3829 1593 3882 inde
1620 3849 1716 3881 vox
1732 3829 1999 3896 publicum
2029 3847 2138 3880 non
2166 3827 2387 3881 sumitur
2412 3851 2505 3904 pro

1472 3905 1731 3978 republica
1764 3923 1777 3956 :
1808 3925 2011 3978 prorsus
2046 3904 2171 3976 quid
2198 3905 2507 3962 intellexerit

1472 3984 1693 4051 Seneca,
1726 4004 1832 4037 non
1864 3985 2014 4038 facile
2052 3998 2125 4038 est
2154 3985 2327 4040 dicere
2350 4005 2363 4040 ι
2388 3979 2507 4042 for-

1472 4081 1561 4118 san
1576 4101 1591 4128 ,
1615 4065 1656 4117 si
1684 4062 1749 4116 ad
1770 4063 2036 4133 sequentia
2046 4057 2358 4136 'respuet-is,
2386 4085 2509 4120 cte·-
