2667 4475
425 363 917 436 PHYSIOL.
967 362 1477 437 s'rolcon.
1529 366 1727 436 LIB.
1777 366 1933 434 111.
2122 368 2249 453 641

102 506 472 584 titudinem:
499 506 830 589 protulisse.
859 532 888 561 υ
936 506 1064 568 Etsi
1103 508 1291 591 primo
1321 508 1498 569 verba
1532 508 1824 569 Ciceronis
1863 519 2157 569 mutuatur
2204 522 2267 568 et

101 628 270 699 aptat
283 659 301 690 ,
333 614 436 675 sed
463 615 526 674 iu
556 613 794 675 alteram
837 625 897 673 et
933 612 1250 674 Stoicorum
1291 615 1635 675 sententiam
1666 615 1885 697 prolata
1901 658 1921 689 ‚
1952 628 2017 675 ut
2048 614 2256 675 dicam.

100 724 254 783 Nam
285 734 444 783 sexta
483 723 600 801 jam
630 720 874 782 Zenonis
916 722 1095 779 nostri
1113 763 1130 795 ‚
1163 721 1226 780 in
1257 720 1575 781 Censorino
1608 733 1730 781 erat
1750 766 1767 797 ‚
1804 722 1906 803 qui
1940 748 1968 775 α
1998 721 2119 782 solo
2148 722 2264 782 ad-

101 830 385 890 miniculo
415 830 564 911 ignis
580 872 597 903 ,
627 828 691 888 id
723 838 830 903 est,
863 826 977 886 Dei
1007 826 1369 908 providentia
1388 871 1406 902 ‚
1438 828 1643 911 gignit.
1673 854 1703 882 n
1736 827 1838 888 Pia
1866 840 1925 888 et
1956 850 2093 889 vera
2122 850 2267 889 sen-

104 938 310 997 tentia.
347 936 507 997 Deus
551 935 706 995 solus
747 946 946 994 auctor
975 932 1212 994 humani
1241 934 1469 1017 generis
1491 979 1509 1010 ,
1540 935 1938 1043 conditorque.
1972 936 2174 997 Cicero
2202 949 2267 997 ut

104 1046 335 1105 Stoicus
361 1042 431 1125 (Ι
457 1044 532 1104 de
555 1041 696 1125 Leg.
699 1040 768 1124 )=
798 1042 984 1102 «Hoc
1024 1042 1237 1102 animal
1263 1041 1612 1124 providum,
1662 1064 1878 1125 sagax,
1924 1043 2267 1125 multiplex,

103 1174 287 1235 quem
315 1172 582 1213 vocamus
608 1149 958 1233 Hominem,
996 1149 1264 1231 praeclara
1293 1148 1543 1229 quadam
1577 1148 1904 1209 conditione
1930 1162 2269 1232 generatum

107 1280 241 1319 esse
269 1281 304 1318 a
334 1278 557 1317 summo
597 1256 796 1316 Deo.»
795 1254 939 1315 Et
984 1255 1248 1316 crebrum
1293 1256 1355 1314 in
1410 1231 1649 1330 Stoicis,
1702 1253 1892 1315 Deum
1938 1268 2162 1337 patrem
2213 1270 2272 1317 et

107 1367 432 1449 genitorem
475 1374 734 1424 nostrum
779 1382 924 1423 esse.
970 1361 1087 1423 Sed
1130 1363 1191 1423 in
1231 1360 1405 1422 modo
1440 1374 1635 1421 tamen
1679 1360 1995 1445 gignendi,
2050 1361 2273 1445 aliquid

107 1468 544 1531 abeuntalibris
562 1468 772 1529 nostris
789 1466 995 1527 Sacris.
1013 1465 1160 1527 Nam
1181 1466 1264 1526 illi
1281 1468 1483 1527 volunt
1493 1465 1673 1550 (apud
1690 1468 2045 1543 Ciceronem,
2063 1467 2238 1551 ibid.)
2254 1490 2273 1528 ε

114 1606 146 1633 α
178 1576 476 1659 Perpetuis
500 1573 761 1635 cursibus
777 1616 796 1649 ,
825 1572 1292 1633 conversionibus
1315 1574 1628 1635 caelestibus
1644 1617 1661 1648 ,
1690 1574 1946 1633 extitisse
1965 1572 2275 1656 quamdam

108 1684 503 1745 maturitatem
533 1677 761 1755 serendi
791 1679 1016 1763 generis
1041 1677 1280 1739 humani
1307 1702 1324 1737 ε
1352 1677 1508 1759 quod
1531 1692 1793 1761 sparsum
1816 1679 1879 1738 in
1902 1692 2081 1740 terras
2104 1692 2278 1762 atque

111 1800 308 1850 satum
325 1832 343 1864 ‚
368 1787 566 1848 divino
583 1799 824 1847 ’auctum
849 1782 924 1845 sit
952 1780 1272 1864 animorum
1293 1800 1556 1847 munere.
1580 1810 1608 1839 ν»
1638 1780 1853 1847 Cursus
1873 1778 1957 1846 illi
1978 1789 2275 1871 perpetui,

111 1894 410 1958 referendi
439 1895 512 1956 ad
543 1892 809 1977 periodos
840 1892 1154 1953 exustionis
1187 1904 1244 1953 et
1271 1882 1654 1953 innovationis
1683 1892 1989 1955 mundane
2016 1918 2035 1955 ε
2062 1918 2129 1955 ac
2154 1908 2279 1955 tum

110 2003 502 2062 matur-itatem
531 1997 675 2083 (alii
703 2011 896 2061 tamen
924 1992 1224 2059 matenhm
1261 1994 1503 2081 legunt)
1544 1997 1719 2060 finisse
1766 2002 1995 2082 generis
2034 2000 2273 2073 humani

113 2110 259 2170 novi
288 2107 536 2169 serendi.
571 2100 646 2167 Id
681 2117 872 2167 autem
909 2132 937 2159 α
961 2106 1228 2166 in-terras
1254 2120 1518 2187 sparsum
1541 2120 1607 2165 ac
1636 2118 1821 2167 satum
1840 2150 1858 2182 ‚
1882 2135 1910 2161 ιο
1945 2107 2006 2167 id
2052 2116 2140 2169 est
2161 2152 2179 2183 ,
2215 2104 2275 2167 in

113 2216 370 2279 Materia
408 2218 596 2299 prima
644 2213 1157 2298 comprehensum3
1203 2233 1387 2294 eaque
1412 2212 1531 2291 jam·
1560 2215 1833 2275 crassiore
1864 2227 1922 2276 et
1948 2216 2279 2276 animationi

113 2335 322 2407 parata
337 2324 633 2400 ,animum
649 2323 722 2382 ab
743 2313 885 2404 Igne
901 2318 1224 2394 advenisse,
1245 2331 1304 2378 et
1317 2319 1463 2379 Deo.
1482 2315 1721 2378 Ovidius
1740 2317 1794 2400 (Ι
1812 2319 2116 2405 Metam.)=

462 2479 692 2530 Sanctius
711 2478 790 2530 his
809 2478 990 2530 animal
1007 2514 1024 2541 ,
1049 2479 1326 2548 mentisque
1352 2477 1580 2546 capacius
1604 2477 1714 2530 alta

457 2571 638 2619 Deerat
658 2567 819 2620 adhuc
838 2605 855 2631 ,
879 2574 932 2618 et
950 2565 1090 2637 quod
1111 2566 1355 2619 dominati
1376 2568 1429 2618 in
1448 2574 1619 2619 catera
1638 2572 1804 2638 ponet
1826 2586 1840 2617 ε

455 2653 610 2710 Natu·
627 2659 782 2710 bomo
804 2665 908 2722 αἱς
932 2659 1034 2710 sive
1051 2657 1188 2710 bunc
1211 2657 1383 2708 divino
1403 2659 1586 2710 semine
1610 2658 1743 2730 fecit·

459 2751 550 2802 me
575 2749 742 2820 opifex
763 2767 930 2803 rerum
943 2786 959 2814 ,
984 2750 1163 2802 mnndi
1184 2739 1400 2802 meliori·
1422 2751 1562 2818 origo
1582 2771 1598 2814 ς

457 2841 757 2894 Siverceens
779 2841 954 2906 tellus,
982 2839 1280 2910 seductaque
1303 2859 1461 2911 nuper
1487 2841 1550 2893 ab
1570 2841 1673 2894 alto

456 2931 652 2984 AEtbere
670 2969 687 2996 ,
708 2933 906 3002 cognati
921 2931 1162 2984 retinebat
1178 2931 1363 2983 semina
1382 2933 1507 2983 celi.

131 3077 298 3138 Prior
336 3073 619 3134 sententia
673 3083 759 3132 est
805 3069 1028 3147 Stoica,
1086 3078 1144 3134 et
1188 3085 1362 3154 supra
1409 3071 1640 3134 abunde
1689 3065 1939 3135 diximus
1990 3063 2130 3158 (lib.
2182 3071 2277 3153 Π,

127 3187 288 3246 Diss.
317 3185 472 3267 vn).
501 3179 703 3264 Ignem
729 3179 889 3240 velut
911 3199 1111 3239 semen
1139 3199 1263 3274 esse
1281 3179 1572 3251 omnium,
1601 3181 1739 3240 etin
1763 3202 1826 3241 se
1848 3183 2141 3244 continere
2160 3185 2285 3245 sin-

131 3293 398 3376 guloriun
416 3294 664 3354 rationes
687 3287 1012 3360 seminales,
1036 3285 1399 3346 Providentia
1420 3285 1719 3347 educente.
1744 3285 1959 3348 Seneca
1979 3287 2120 3372 (Ep.
2148 3289 2282 3374 xc)=

139 3389 332 3460 «Ἀᾶ
315 3391 478 3460 mitia
512 3397 724 3460 deinde
751 3415 944 3458 rerum
970 3393 1207 3476 Sapiens
1236 3392 1423 3470 redit,
1458 3407 1519 3454 ct
1547 3401 1817 3456 aternam
1848 3395 2155 3459 Rationem
2183 3402 2289 3462 toti

133 3506 234 3591 (id
253 3511 369 3581 est,
393 3495 642 3588 Mundo)
663 3503 902 3564 inditam
921 3545 940 3578 ,
972 3513 1030 3562 et
1047 3502 1164 3562 vim
1184 3503 1443 3562 omnium
1464 3503 1747 3562 seminum
1768 3546 1787 3578 ,
1808 3505 2031 3588 singula
2053 3507 2286 3590 proprie

135 3617 496 3698 figurantem.
509 3638 538 3666 n
567 3609 767 3672 Cicero
785 3611 994 3670 iterum
1018 3600 1094 3669 ad
1111 3607 1260 3669 hanc
1282 3605 1599 3670 Stoicorum
1620 3609 1899 3672 rationem
1922 3606 2246 3694 adspiciens
2265 3657 2284 3688 ‚

133 3735 202 3785 et
229 3723 290 3781 in
323 3721 496 3783 Cotta
528 3739 774 3801 persona
797 3717 1062 3796 rejiciens
1089 3714 1161 3799 (Ι
1189 3715 1264 3777 de
1289 3715 1422 3777 Nat.
1453 3715 1660 3799 Deor.)
1682 3741 1701 3776 ε
1731 3745 1760 3772 σι
1779 3717 2008 3780 Semina
2037 3719 2289 3781 Deorum

134 3827 421 3891 decidisse
449 3827 522 3888 de
548 3825 684 3886 caelo
707 3835 976 3908 putamus
995 3823 1056 3882 in
1083 3835 1262 3883 terras
1279 3866 1296 3899 ,
1323 3832 1383 3883 et
1402 3823 1483 3882 sic
1505 3822 1765 3884 homines
1785 3838 2011 3909 patrum
2036 3823 2137 3908 (id
2159 3839 2246 3886 est
2267 3871 2285 3902 ,

135 3933 427 4018 Deorum)
453 3934 671 3996 similes
697 3929 992 3994 extitisse?
1011 3929 1236 3990 Vellem
1276 3931 1541 3992 diceretis
1568 3955 1585 3991 z
1612 3931 1867 3992 Deorum
1894 3933 2289 4013 cognationem

137 4063 508 4126 agnoscerem
555 4063 674 4102 non
725 4039 958 4100 invitus.
991 4065 1020 4093 n
1074 4037 1291 4098 Ultima
1336 4040 1619 4100 sententia
1662 4039 1837 4122 Vulgi
1866 4081 1885 4114 ,
1934 4041 2037 4120 qui
2088 4055 2290 4123 sponte

143 4172 182 4211 e
219 4149 398 4212 Terra
429 4149 688 4210 extitisse
716 4148 980 4210 homines
1005 4145 1264 4221 censuit,
1295 4147 1445 4208 utin
1473 4144 1746 4221 Arcadia,
1778 4158 1949 4230 atque
1986 4147 2143 4210 alibi.
2170 4149 2297 4211 Ne·-

388 4261 510 4350 IY.
1704 4305 1713 4314 ·
1907 4255 1951 4344 4
1970 4284 1992 4327 1
