2667 4475
433 337 567 420 514
1176 333 1477 401 sns‘rl
1524 331 1846 401 mrsu

424 479 689 539 mitescit.
740 477 927 538 Voces
972 476 1209 559 quidem
1241 497 1616 558 aspernamur
1633 521 1650 550 ,
1699 497 1826 559 quae
1875 477 2082 538 dieunt
2124 503 2140 535 =
2183 505 2214 532 οι
2239 477 2592 540 Batinna:

422 598 632 645 sortem
661 605 767 644 nec
796 585 921 644 Deo
954 581 1041 642 fas‘
1072 585 1342 666 effligere.
1371 609 1399 636 >n
1435 583 1739 665 (Herodot.
1770 583 1854 666 1.)
1881 585 2035 646 Item
2061 609 2080 644 ε

754 743 927 790 Δοῦλοι
954 739 1181 804 βασιλέων
1204 739 1323 790 εἰσὶν
1344 775 1358 800 ‚
1389 739 1432 788 οἱ
1455 739 1664 804 βασιλεῖς
1684 743 1836 806 διῢν,

755 819 797 882 ὁ
824 829 937 891 ,θεὶς
962 831 1176 892 ἀνάγκης.
1194 828 1535 898 (Philemon.)

742 956 883 1003 'Sunt
896 951 1093 1020 regibus
1108 953 1236 1002 servi
1253 989 1269 1013 ,
1289 968 1378 1002 rex
1397 969 1562 1002 servu:
1578 959 1652 1002 est
1666 954 1771 1002 Deo
1789 990 1804 1012 ,

750 1046 883 1093 Deus
902 1043 1203 1093 Necessitati.

502 1180 695 1242 'Etiam
728 1192 921 1240 noster
960 1179 1159 1240 doctor
1197 1176 1314 1259 (De
1346 1178 1574 1239 Provid.
1609 1203 1736 1262 cap.
1769 1179 1851 1262 5)
1885 1205 1901 1239 ε
1952 1208 1982 1235 «ι
2013 1179 2244 1242 Eadem
2275 1181 2588 1243 Necessitas

420 1303 481 1350 et
510 1290 662 1350 Deos
696 1289 891 1370 alligat
920 1310 937 1346 ε
982 1286 1369 1348 irrevocabilis
1399 1286 1592 1346 divina
1623 1289 1836 1369 pariter
1880 1302 2055 1370 atque
2093 1289 2366 1349 humana
2409 1311 2588 1348 cursu*

418 1397 595 1458 vehit.
646 1395 753 1455 Ille
794 1396 919 1476 ipse
964 1393 1221 1452 omnium
1252 1393 1512 1452 conditor
1553 1416 1617 1471 uc
1662 1405 1849 1454 rector
1877 1396 2111 1476 scripsit
2138 1396 2396 1477 quidem
2429 1396 2553 1454 Fata
2571 1438 2584 1452 .

419 1505 525 1566 sed
552 1505 830 1587 sequitur.
870 1501 1109 1582 Semper
1134 1513 1331 1581 paret,
1375 1501 1555 1560 semel
1574 1503 1762 1580 jussit.
1796 1527 1823 1554 n
1856 1500 1998 1562 Haec
2027 1504 2166 1562 talia
2187 1549 2208 1576 ,
2245 1525 2460 1584 parum
2489 1502 2586 1560 de-

424 1633 559 1672 core
589 1634 663 1671 ex
696 1610 974 1693 dignitate
1000 1607 1111 1667 Dei
1142 1607 1295 1668 dicta
1320 1631 1337 1680 ;
1367 1609 1508 1682 etsi,
1539 1622 1604 1668 ut
1633 1611 1792 1691 tetigi
1812 1652 1830 1682 ,
1869 1611 2360 1692 interpretatione
2389 1610 2466 1670 ad
2493 1633 2586 1666 w·

419 1739 551 1778 rum
580 1717 982 1798 liquidumque
1031 1713 1302 1774 deducas-
1337 1711 1467 1774 Hoc
1495 1716 1650 1776 enim
1683 1716 1882 1776 volunt
1898 1760 1914 1790 ,
1951 1717 2132 1777 semel
2159 1730 2388 1778 statuta
2415 1717 2582 1776 Deua

422 1845 539 1883 non
565 1836 806 1884 mutare.

754 1961 923 2011 Finxit
940 1961 993 2009 i‘n
1015 1965 1247 2010 aelemnm
1268 1977 1433 2011 cauas
1460 1979 1472 2009 :
1501 1978 1602 2030 qua
1623 1964 1800 2010 cuncta
1823 1967 2016 2011 comet

744 2049 813 2102 Se
835 2068 1033 2120 quoque
1054 2055 1183 2120 Lege
1198 2059 1384 2104 tenens.
1410 2053 1628 2120 (Luem.
1653 2054 1720 2102 n.
1741 2051 1763 2118 )

420 2187 548 2250 Non
582 2187 720 2270 quia
742 2185 1099 2247 imbecillitas
1130 2186 1321 2269 aliqua
1350 2185 1410 2245 in
1434 2185 1560 2245 Deo
1579 2187 1693 2262 sit,
1725 2197 1824 2247 aut
1857 2184 2064 2246 Fatum
2091 2185 2436 2247 dominetur
2456 2211 2474 2245 ι
2495 2185 2580 2244 sal

419 2298 556 2379 quia
579 2293 792 2378 placuit
829 2295 882 2353 ei
912 2308 1062 2354 stare
1097 2294 1363 2354 DecretO.
1401 2292 1687 2357 Nimirum
1715 2293 1820 2377 (ut
1849 2308 2044 2355 noster
2071 2294 2300 2356 Se'neea
2328 2340 2350 2369 ,
2382 2296 2574 2371 Quat.

416 2402 621 2464 Natur.
646 2402 703 2485 1)
722 2446 738 2476 ‚
769 2428 799 2456 «ι
824 2402 1149 2462 imminutio
1169 2402 1476 2482 majestatis
1506 2380 1610 2478 sit,
1647 2417 1705 2463 et
1725 2402 2006 2463 confessio
2033 2405 2250 2462 erroris
2269 2448 2287 2475 ‚
2317 2404 2578 2463 mutanda

416 2510 643 2572 fecisse.
677 2508 925 2570 Necesse
954 2519 1041 2568 est
1071 2509 1127 2569 ei
1160 2510 1362 2569 eadem
1395 2510 1623 2591 placere
1646 2554 1663 2584 ‚
1695 2510 1792 2568 cui
1823 2510 1933 2567 nisi
1961 2509 2180 2589 optima
2211 2510 2453 2590 placere
2477 2530 2576 2567 noe

418 2630 681 2700 possunt.
705 2642 735 2669 n
772 2612 880 2675 Dic
906 2614 1081 2690 mihi,
1106 2637 1301 2676 nonne
1328 2591 1364 2669 «¹
1377 2618 1469 2675 vir
1491 2617 1674 2677 bonus
1707 2614 2015 2698 (qnatenus
2039 2614 2256 2697 bonus)
2273 2638 2396 2675 non
2413 2630 2576 2697 potest

422 2746 539 2782 non
561 2721 750 2782 facere
766 2766 783 2796 ‚
809 2722 966 2803 quod
989 2720 1162 2783 facit?
1182 2744 1297 2782 non
1318 2720 1478 2782 enim
1507 2724 1616 2783 erit
1637 2724 1822 2782 bonus
1844 2766 1862 2796 ‚
1889 2722 2000 2781 nisi
2023 2720 2292 2782 fecerit.»
2319 2721 2483 2803 (Seu.
2503 2722 2572 2779 vl

418 2830 510 2888 De
536 2826 739 2889 Benef.
778 2848 907 2910 cap.
955 2826 1089 2909 21.)
1124 2826 1321 2887 Simile
1349 2820 1568 2909 (silluid
1603 2840 1796 2888 tamen
1835 2826 2048 2910 simile)
2083 2830 2148 2886 in
2185 2826 2320 2887 Deo
2347 2852 2366 2886 ε
2389 2831 2486 2910 qni
2523 2842 2574 2885 ut

421 2932 581 2996 Deus
602 2978 619 3008 ‚
654 2934 800 2994 nihil
844 2934 1061 2994 mavult
1077 2978 1095 3008 ‚
1145 2947 1244 2995 aut
1286 2946 1489 2994 mutat.
1534 2962 1563 2989 ιι
1583 2936 1866 3017 Magnum
1905 2934 2015 2993 hoc
2056 2948 2468 3015 argumentum
2503 2948 2574 2993 est

420 3021 597 3103 firmae
625 3040 931 3103 voluntatis
950 3084 967 3114 ,
1006 3063 1083 3101 ne
1114 3054 1337 3100 mutare
1371 3040 1607 3121 quidem
1634 3062 1822 3122 posse.
1843 3066 1873 3093 u
1905 3038 2074 3113 Quod
2107 3040 2158 3097 si
2185 3040 2430 3100 aliunde
2449 3060 2574 3098 eve-

427 3150 579 3210 niret
598 3193 615 3223 ,
650 3162 748 3209 aut
782 3160 1109 3230 cogeretur,
1152 3168 1291 3207 sane
1332 3148 1665 3229 impotentia
1700 3159 1878 3217 esset3
1909 3158 1968 3205 at
1990 3148 2112 3225 jam
2145 3172 2174 3199 α
2197 3168 2320 3206 non
2355 3160 2570 3208 externa

422 3256 563 3316 deos
585 3268 795 3338 cogunt
809 3299 826 3329 ,
852 3253 955 3314 sed
978 3274 1081 3313 sua
1101 3254 1213 3313 illis
1235 3254 1297 3313 in
1318 3252 1507 3335 legem
1526 3267 1734 3314 aeterna
1752 3254 2013 3313 voluntas
2035 3265 2142 3313 est.
2169 3278 2198 3305 n
2225 3252 2352 3335 (lb.
2377 3278 2432 3315 e.
2459 3252 2572 3330 ω.)

424 3362 629 3447 Itaque
656 3385 770 3422 non
803 3375 1043 3444 possunt
1080 3360 1266 3423 videri
1307 3382 1426 3420 non
1462 3382 1630 3443 posse
1649 3406 1665 3436 ,
1698 3360 1834 3443 quia
1871 3382 1980 3420 nee
2013 3361 2238 3420 volunt.
2274 3362 2370 3420 An
2397 3374 2568 3423 tamen

424 3492 543 3529 non
578 3471 683 3528 ista
718 3470 957 3529 servitus
990 3468 1117 3529 est?
1152 3470 1413 3528 minime.
1446 3466 1662 3528 Seneca
1694 3468 1922 3549 egregie
1945 3465 2007 3549 (Ι
2035 3465 2252 3541 Quaest.
2285 3466 2483 3527 Natur.
2507 3466 2564 3547 ):

429 3604 457 3631 ιι
474 3576 594 3636 Nec
618 3574 779 3635 Deus
805 3576 879 3637 ob
904 3575 1014 3635 hoc
1043 3576 1234 3635 minus
1262 3574 1413 3635 liber
1439 3586 1538 3634 aut
1559 3573 1764 3656 potens
1783 3586 1902 3634 est:
1925 3574 2051 3654 ipse
2074 3574 2234 3634 enim
2257 3586 2346 3634 est
2362 3574 2568 3635 Neces-

424 3692 558 3750 sitas
583 3710 747 3748 sua.»
772 3688 955 3748 'Vides
990 3688 1154 3769 pium
1185 3706 1419 3747 sensum
1441 3708 1456 3743 ε
1477 3706 1584 3746 nec
1617 3682 1854 3745 fortasse
1884 3682 2050 3743 aliter
2073 3678 2260 3764 (apud
2287 3702 2566 3764 germanos

418 3792 659 3878 Stoicos)
693 3796 754 3855 in
787 3807 905 3855 tota
934 3794 1042 3853 ista
1072 3815 1137 3854 re
1170 3790 1296 3853 Fati
1330 3792 1461 3853 fuit.
1487 3778 1668 3867 ‘Quod
1695 3788 2014 3872 Augustino
2041 3788 2214 3849 etiam
2240 3788 2453 3848 arbitro
2479 3788 2566 3849 di-

425 3926 587 3977 cam,
634 3904 734 3985 qui
774 3904 984 3981 rejecto
1022 3898 1175 3960 Fato
1208 3898 1669 3980 Astmlogvrum‚
1705 3896 1880 3957 infert
1915 3890 2000 3977 (V
2039 3893 2132 3954 De
2173 3892 2346 3953 civit.
2383 3916 2438 3953 c.
2467 3890 2556 3967 8)-

432 4012 562 4071 «At
582 4012 681 4093 qui
703 4011 961 4070 omnium
986 4010 1402 4069 connexionem
1425 4008 1749 4089 seriemque
1782 4022 2080 4065 causarum
2095 4046 2113 4075 ‚
2151 4020 2268 4080 qua
2303 3998 2370 4057 fit
2408 4018 2558 4057 omne

429 4116 584 4193 quod
612 4116 708 4189 fit,
752 4114 877 4177 Fati
906 4116 1139 4175 nomine
1170 4114 1462 4196 appellant
1481 4111 1551 4195 (ii
1586 4125 1719 4175 sunt
1743 4107 1990 4190 nostri).
2023 4128 2141 4168 non
2175 4086 2426 4167 multum
2445 4124 2554 4164 cun
