2667 4475
696 380 1231 449 EPISTOLA
1282 380 1620 451 cxxu.
2105 382 2230 465 342

94 516 271 581 mari
294 518 309 547 ¹
354 514 619 606 jaciunt
643 562 663 592 ‚
718 532 845 581 uec
898 512 1183 581 delicate
1232 528 1468 579 natare
1525 512 1650 605 ipsi
1699 510 2189 581 sibi‘videntur
2213 562 2232 595 ,

94 629 233 695 nisi
256 626 543 695 calentia
564 642 803 719 stagna
828 625 1043 695 fluctu
1064 649 1145 695 ac
1169 642 1301 695 tem
1310 640 1568 718 pestate
1596 625 1980 693 feriantur?
2005 624 2240 717 Quum

96 744 545 811 instituerunt
580 742 801 811 omnia
850 756 1087 809 contra
1124 758 1384 811 naturae
1417 741 1978 811 consuetudinem
2007 740 2182 809 velle
2213 792 2232 824 ,

92 860 461 927 novissime
511 861 585 927 in
631 874 845 927 totum
892 857 980 927 ab
1028 857 1145 927 illa
1194 856 1606 927 desciscunt.
1665 860 1878 927 Lucet
1899 862 1964 941 ²3
2023 859 2242 927 somni

92 990 367 1068 tempus
400 971 545 1045 est!
587 976 807 1069 Quies
846 989 993 1059 est3
1046 998 1231 1043 nunc
1262 998 1698 1043 exerceamur
1720 1024 1742 1060 ,
1787 999 1971 1043 nunc
2007 990 2240 1069 geste-

92 1114 279 1171 mur,
304 1114 488 1159 nunc
511 1084 1003 1184 prandeamus!
1033 1091 1179 1159 Jam
1200 1090 1313 1157 lux
1339 1090 1622 1183 propius
1646 1090 1948 1178 accedi13
1977 1106 2244 1185 tempus

88 1224 195 1274 est
228 1202 467 1275 coenae!
503 1208 655 1275 Non
686 1221 953 1299 oportet
974 1205 1047 1274 id
1074 1204 1299 1275 facere
1320 1256 1342 1289 ‚
1377 1204 1564 1299 quod
1586 1207 1926 1300 populus3
1963 1231 2070 1275 res
2097 1231 2244 1275 sor-

91 1319 261 1387 dida
284 1336 386 1387 est
409 1370 427 1403 ,
466 1322 621 1389 trita
652 1320 735 1390 ac
764 1321 1037 1414 vulgari
1061 1322 1172 1391 via
1204 1322 1461 1389 vivere.
1502 1321 1668 1389 Dies
1693 1320 2008 1413 publicus
2035 1320 2244 1391 relin-

90 1451 381 1528 quatur3
409 1436 761 1529 proprium
787 1426 813 1470 ³
848 1436 1047 1507 nobis
1068 1486 1087 1519 ,
1126 1460 1207 1504 ac
1242 1437 1590 1530 peculiare
1623 1442 1820 1505 m‘ane
1847 1437 1992 1505 fiat.

188 1554 312 1620 Isti
330 1576 495 1645 vero
520 1553 691 1619 mihi
717 1550 1195 1622 defunctorum
1222 1552 1372 1621 loco
1401 1567 1560 1620 sunt
1587 1578 1603 1619 :
1630 1552 2029 1644 quantulum
2057 1553 2240 1620 enim

89 1694 130 1737 a
162 1672 407 1737 funere
447 1668 694 1737 absunt
717 1718 735 1751 ,
776 1685 845 1737 et
876 1668 1153 1762 quidem
1186 1669 1438 1739 acerbo
1458 1721 1483 1756 ‚
1519 1670 1642 1763 qui
1679 1667 1767 1737 ad
1802 1668 1980 1737 faces
2015 1684 2084 1737 et
2117 1693 2244 1737 ce-

91 1810 247 1854 reos
277 1778 605 1853 vivunt⁴P
638 1788 831 1855 Hanc
878 1787 1083 1855 vitam
1122 1811 1329 1881 agere
1365 1785 1607 1855 eodem
1649 1801 1954 1879 tempore
1997 1783 2243 1853 multos

91 1902 567 1988 meminimus}
610 1904 791 1973 inter
836 1928 1007 1997 quos
1039 1918 1107 1972 et
1140 1904 1426 1973 Atilium
1469 1883 1704 1973 Butaxm
1733 1954 1754 1987 ,
1795 1904 2243 1998 praetorium3

88 2024 205 2090 cui
257 2038 413 2115 post
462 2022 940 2115 patrimonium
993 2023 1239 2115 ingens
1288 2036 1764 2115 consumptum
1792 2072 1812 2104 ‚
1865 2021 2190 2090 Tiberius
2217 2072 2235 2102 ‚

90 2154 560 2231 paupertatem
583 2138 934 2205 confitenti
958 2189 980 2223 ,
1017 2164 1050 2201 «
1075 2138 1241 2207 Sero
1266 2188 1283 2220 ,
1312 2138 1538 2230 inquit
1564 2187 1581 2219 ‚
1617 2122 2052 2230 experrectus
2069 2133 2178 2205 es!
2203 2162 2236 2199 ν)

88 2254 447 2324 Recitabat
496 2257 863 2322 Montanus
906 2254 1129 2323 Julius
1149 2245 1175 2289 ⁵
1212 2277 1489 2323 carmen
1515 2275 1550 2336 ,·
1576 2252 1949 2321 tolerabilis
1982 2267 2184 2346 poeta
2216 2301 2241 2332 ,

158 2514 201 2545 1.
224 2491 303 2542 In
320 2492 485 2555 mari,
510 2509 617 2543 non
644 2490 697 2542 ἰη
723 2507 887 2550 mare,
912 2507 967 2539 a.
982 2507 1025 2542 c.
1042 2489 1115 2541 R.
1214 2507 1262 2539 v.
1290 2486 1414 2554 143:
1435 2509 1463 2533 ιι
1479 2485 1642 2538 Moris
1659 2485 1884 2538 Romani
1906 2505 2010 2540 esse
2023 2525 2039 2554 ‚
2061 2499 2119 2540 ut
2133 2487 2242 2540 im·-

86 2571 157 2622 A.
176 2567 345 2622 Schoe.
1211 2565 1424 2639 puberes
1447 2578 1602 2618 noctu
1624 2567 1948 2633 efferrentur,
1975 2587 2041 2619 ne
2065 2568 2241 2620 sunere

152 2667 201 2697 ει.
222 2643 402 2698 Lucet.
432 2643 587 2696 Plura
624 2641 848 2717 exempla
868 2640 1115 2712 lucifuga·
1212 2645 1484 2697 immaturo
1507 2644 1696 2698 sobolis
1735 2645 1914 2698 domus
1947 2647 2241 2699 funestare-

84 2745 201 2776 rum
222 2724 407 2776 horum
422 2733 627 2776 exstant.
640 2721 815 2774 Horat.
834 2719 857 2770 l
874 2719 1045 2772 Scrm.
1062 2717 1113 2783 3,

88 2825 107 2856 ι
117 2807 169 2870 8,
192 2805 259 2856 de
272 2801 495 2875 Tigellio
506 2803 611 2875 ait?
632 2823 660 2848 a
679 2801 863 2853 Noctes
874 2798 1119 2872 vigilabat

82 2883 147 2935 ad
180 2881 353 2954 ipsum
388 2881 543 2934 Mane
560 2915 577 2943 ‚
611 2880 746 2932 diem
766 2891 926 2932 totum
947 2888 1115 2931 sterte-

82 2962 183 3014 bat.
204 2983 233 3009 a·
257 2959 441 3012 Rubk.
455 2987 523 3002 —-
534 2957 851 3034 Lampridius
866 2959 929 3011 de
946 2956 1117 3010 Helio-

81 3037 273 3110 gabalo
307 3055 325 3093 t
354 3058 383 3085 α
400 3037 624 3110 Traiecit
657 3048 707 3088 et
743 3036 943 3088 dierum
977 3049 1117 3088 aetus

82 3119 357 3185 noctibus,
390 3130 439 3169 et
467 3129 743 3171 nocturnos
760 3115 939 3170 dicbus
955 3153 971 3180 ,
992 3115 1121 3170 ati-

82 3216 233 3250 mans
258 3195 355 3248 hoc
380 3195 511 3249 inter
532 3197 864 3248 instrumenta
876 3194 1115 3260 luxur323

80 3275 149 3328 ita
164 3289 227 3328 nt
246 3293 359 3327 sero
379 3275 440 3328 tle
460 3294 640 3328 somno
657 3285 907 3347 surgeret,
927 3286 975 3326 et
992 3273 1119 3328 salu·

80 3354 175 3406 tari
208 3352 487 3425 inciperet,
520 3373 671 3406 mane
703 3365 873 3405 autem
897 3352 1118 3406 dormire

82 3431 380 3503 inceptaret.
396 3450 425 3477 ι
444 3431 646 3484 Tacitus
668 3429 733 3482 ‹le
757 3429 817 3483 C.
836 3429 1079 3483 Petronio
1102 3445 1119 3483 2

83 3531 110 3554 σι
128 3508 215 3560 Illi
235 3507 345 3560 dies
364 3527 451 3582 per
466 3525 703 3561 somnum
723 3545 739 3574 ‚
758 3528 859 3560 nox
871 3507 1051 3562 officiis
1070 3519 1119 3561 et

82 3586 471 3640 oblectamentis
489 3587 605 3642 vitu
620 3585 1001 3660 transigebatur.
1022 3607 1053 3634 a

150 3664 201 3716 3.
228 3664 535 3730 Proprium.
562 3664 735 3718 Schw.
756 3667 1005 3734 proprius
1019 3662 1119 3732 (sc.

84 3741 227 3808 dies)
258 3741 397 3795 nulla
420 3742 575 3796 allata
600 3744 907 3797 auctoritate.

152 3825 203 3888 4.
232 3821 347 3892 Qut·
369 3822 605 3892 adjaces
630 3833 683 3874 et
706 3841 871 3876 cereos
894 3822 1116 3875 vivunt?
1153 3812 1164 3822 ⁸

86 3898 173 3950 Ad
208 3917 343 3968 quoa
368 3900 509 3970 pueri
530 3937 546 3965 ,
576 3919 735 3969 quum
758 3911 1075 3952 morerentur
1098 3937 1114 3962 ‚

80 3975 321 4028 solebant
354 3977 543 4031 efferri.
564 3977 697 4030 Vide
724 3977 791 4029 de
816 3976 1005 4031 Brevit.
1032 3975 1119 4028 vit.

84 4051 179 4106 fin.
214 4066 265 4106 et
308 4055 465 4128 Lipaii
504 4057 711 4109 Excurs-
745 4057 808 4108 Δ.
839 4056 919 4110 ad.
957 4054 1123 4110 Taciti

86 4133 279 4186 Annal.
303 4134 400 4186 111.
422 4133 785 4188 ltu-Servius
810 4133 866 4186 in
890 4134 1016 4188 AEn.
1043 4134 1119 4197 ll,

1211 2735 1295 2776 tur
1316 2741 1332 2786 3
1356 2722 1496 2794 quod
1519 2725 1764 2797 praecipue
1788 2723 2045 2777 accidebat
2065 2723 2122 2776 in
2143 2745 2242 2776 eo-

1211 2823 1326 2856 rum
1343 2839 1358 2868 ,
1383 2803 1474 2872 qui
1503 2802 1558 2855 in
1581 2802 1878 2876 magistratu
1906 2817 2076 2871 erant,
2102 2803 2238 2858 filiis.

1212 2880 1335 2932 ldeo
1359 2879 1608 2953 Virgilius
1645 2879 1888 2934 Pallantis
1920 2901 2100 2955 corpus
2121 2883 2243 2938 facit

1212 2956 1372 3030 excipi
1397 2957 1590 3010 facibus
1603 2995 1620 3023 ‚
1634 2957 1758 3028 quia
1769 2958 2005 3010 acerbum
2027 2960 2195 3014 funus.
2209 2983 2236 3006 υ

1214 3035 1410 3106 Nempe
1425 3047 1604 3088 notum
1623 3049 1694 3087 est
1709 3035 1924 3089 verbum
1942 3036 2074 3090 illud
2095 3057 2238 3100 acep-

1212 3111 1337 3164 bum
1349 3113 1450 3166 dici
1465 3112 1528 3164 de
1549 3114 1725 3166 sunere
1741 3113 2014 3168 immaturo
2029 3133 2202 3167 eorum
2222 3153 2237 3182 ,

1215 3188 1307 3261 qui
1344 3189 1502 3243 oetatis
1525 3189 1582 3242 in
1605 3191 1726 3244 flore
1748 3204 1988 3262 percunt,
2011 3212 2100 3265 per
2123 3213 2244 3245 me·-

1216 3269 1479 3346 taphoram
1495 3270 1696 3324 ductam
1715 3292 1740 3323 c
1757 3271 1998 3326 fructibus
2009 3285 2252 3348 anterna-

1216 3349 1474 3404 tnritatem
1496 3349 1740 3423 decerptis
1758 3388 1774 3416 ,
1803 3350 1892 3420 qui
1915 3350 2084 3404 acerbi
2109 3364 2244 3404 sunt.

1218 3433 1265 3484 E
1288 3431 1422 3484 notis
1441 3431 1734 3503 Lagnmge.

1280 3513 1329 3563 5.
1353 3511 1644 3563 Montanus
1663 3509 1864 3564 Julius.
1890 3509 2082 3566 Seneca
2104 3523 2243 3583 pater

1214 3588 1398 3641 melius
1423 3588 1486 3640 de
1518 3586 1611 3641 illo
1641 3589 1794 3641 sentit
1825 3591 1882 3640 in
1918 3589 2246 3642 Coun-overe.

1213 3667 1241 3722 Ι
1262 3705 1279 3733 ,
1305 3687 1332 3733 7
1358 3685 1417 3719 :a
1433 3665 1718 3719 Montanus
1740 3666 1910 3722 Julius
1926 3707 1942 3731 ‚
1965 3665 2056 3738 qui
2079 3669 2241 3720 comis

1214 3747 1337 3812 snit,
1377 3747 1571 3818 quique
1596 3748 1828 3820 egregius
1849 3761 1996 3821 poeta
2014 3788 2029 3812 ,
2067 3748 2242 3821 paullo

1214 3826 1472 3878 honestius
1507 3827 1676 3880 sentit.
1719 3826 1929 3900 Scripsit
1969 3827 2151 3880 heroos
2195 3839 2244 3878 et

1216 3903 1400 3975 elegos·
1431 3925 1460 3950 ιο
1503 3905 1727 3974 Ideoque
1757 3923 1872 3957 eum
1911 3903 2129 3956 Ovidius
2151 3903 2242 3956 lib.

1218 3983 1313 4045 lv,
1333 3981 1396 4033 «le
1413 3981 1600 4045 Ponto,
1625 3983 1706 4047 16,
1731 4001 1748 4033 ι
1765 4001 1782 4034 ι
1797 4002 1878 4052 -sq-
1900 3981 2089 4034 laudat.
2113 3980 2242 4034 L.—

1218 4056 1382 4111 Vides
1419 4057 1506 4110 hic
1542 4057 1734 4110 firmari
1770 4056 2016 4128 judicium
2063 4056 2245 4126 Quint.

1223 4136 1346 4190 Inat-
1361 4135 1504 4194 Orat.
1519 4135 1589 4200 X,
1617 4157 1634 4190 1
1653 4173 1668 4202 ,
1692 4133 1786 4188 ηδ
1803 4135 2080 4190 :Senecam
2104 4155 2246 4188 nun-

2293 881 2352 915 to

2299 1824 2352 1857 tt
