2667 4475
443 342 936 415 PursmL.
986 342 1483 415 sTo1con.
1532 344 1737 415 ΜΒ.
1786 348 1841 417 1.-
2079 346 2213 435 ⁵4⁵

58 489 284 573 rpbatus
299 531 316 565 ,
339 500 400 551 et
423 489 500 550 ad
515 485 802 549 Animam
819 484 1087 548 Materia
1109 499 1152 563 ⁸,
1176 484 1710 551 malorum‘causam
1738 490 1989 565 Platoni,
2015 488 2221 572 adspi-

58 650 60 653 ,
84 599 236 657 ciens
253 640 270 673 ,
297 598 404 657 etsi
431 595 788 657 Christianus
813 638 831 669 ‚
862 596 946 655 ita
969 592 1166 655 tradit.
1195 622 1224 651 ιι
1249 597 1601 679 Angelorum
1621 639 1641 672 ‚
1664 599 1853 681 inquit
1870 641 1887 672 ,
1924 598 2021 657 alii
2040 618 2219 658 man·-

56 728 62 761 t
81 725 206 763 sere
223 704 420 785 quales
441 725 476 762 a
493 702 620 761 Deo
637 700 772 761 faeti
789 714 952 761 erant
969 744 986 775 ,
1001 699 1147 762 Boni
1165 745 1182 777 ‚
1205 714 1518 765 etmunera
1534 724 1637 764 sua
1654 703 1897 765 fideliter
1910 714 2173 764 curantes
2200 726 2219 773 3

56 846 59 869 ;
83 809 197 881 alii,
215 830 306 868 res
335 808 445 868 sibi
473 808 716 868 creditas
745 808 1083 889 proterviter
1109 806 1455 883 habuerunt,
1480 822 1541 869 et
1568 832 1605 869 a
1629 810 1756 869 Deo
1786 808 2121 869 defecerunt
2140 828 2159 865 ε
2182 832 2213 861 ι·

56 944 62 975 ι.
84 913 184 973 Isti
213 912 446 976 fuerunt
469 957 486 989 ,
525 940 554 967 α
579 913 832 973 Materiae
859 926 918 973 et
944 913 1278 973 Formarum
1303 913 1367 973 in
1396 936 1465 974 ea
1491 915 1763 997 Princeps
1794 937 1859 975 ac
1878 914 2093 974 Rector
2116 956 2135 987 ‚
2166 925 2227 972 et

54 1068 57 1089 ,.
84 1020 178 1079 alii
205 1022 306 1101 qui
338 1022 490 1081 eirca
527 1020 777 1102 primum
792 1032 818 1057 ¹·
840 1018 950 1078 boc
971 1020 1391 1079 firmamentum
1412 1032 1595 1079 erant.
1619 1046 1655 1074 υ
1676 1019 2009 1101 Rerumque
2024 1029 2227 1101 postea

54 1164 57 1193 ς
81 1138 270 1200 vocat,
296 1152 324 1179 ιι
343 1126 597 1187 Materioe
625 1124 950 1206 Principem
975 1146 994 1183 a
1027 1138 1198 1206 atque
1227 1125 1391 1185 illum
1419 1125 1531 1185 Dei
1563 1126 1801 1185 bonitati
1820 1168 1839 1200 ,
1870 1146 1975 1183 sua
2003 1146 2227 1207 procu-

52 1233 298 1301 ‚mione
325 1244 384 1292 et
413 1231 900 1292 adminisu-ationc
925 1272 944 1304 ,
975 1230 1286 1291 adversari.
1325 1258 1355 1285 ι»
1391 1230 1657 1291 Procedit
1692 1231 1917 1313 longius
1944 1240 1975 1305 ‚·
2006 1242 2081 1291 et·
2096 1232 2177 1290 ait
2204 1253 2225 1289 ε

87 1364 115 1391 κ
145 1338 422 1420 quosdam
454 1359 528 1398 ex
557 1338 680 1397 istis
705 1380 725 1410 ‚
775 1350 969 1419 captos
1017 1358 1212 1397 amore
1241 1339 1565 1419 virginum,
1616 1346 1675 1396 et
1716 1335 1957 1396 libidine
2002 1336 2181 1395 victos
2205 1379 2224 1410 ,

83 1444 378 1505 defecisse.
416 1443 513 1504 Ex
541 1444 752 1527 quibus
796 1441 1072 1526 Gigantes
1097 1486 1116 1517 ,
1165 1444 1264 1525 qui
1307 1456 1608 1517 vocantur,
1641 1444 1763 1502 nati
1798 1443 1913 1503 sint
1942 1464 1961 1501 ε
2000 1462 2231 1501 eorum-

80 1571 193 1631 que
223 1548 537 1633 Gigantum
583 1550 786 1609 animae
808 1591 827 1622 ‚
861 1550 1013 1609 circa
1043 1561 1255 1609 terram
1285 1550 1653 1609 obversantes
1685 1592 1702 1621 ,
1747 1560 1937 1607 motus
1966 1549 2233 1609 affectio-

79 1676 296 1737 nesque
317 1656 530 1715 similes
557 1666 858 1737 parentum
875 1676 1108 1715 suorum
1135 1656 1332 1715 edant.
1366 1682 1395 1739 ξ»
1422 1654 1607 1716 Immo
1626 1668 1684 1715 et
1700 1654 1889 1715 Latini
1916 1655 2095 1736 aliqui
2120 1676 2232 1715 ve-

81 1764 342 1823 tustiores
387 1762 450 1823 in
502 1761 612 1822 boc
657 1781 830 1821 sensu
857 1784 872 1831 3
919 1773 986 1821 ut
1032 1760 1360 1822 Lactantius
1410 1784 1428 1821 ε
1485 1789 1514 1818 ιι
1542 1761 1703 1823 Deus
1752 1761 2003 1844 Angelos
2030 1762 2187 1821 misit
2210 1802 2229 1835 ,

80 1869 266 1950 inquit
285 1868 426 1951 (lib.
461 1868 522 1928 11
547 1908 566 1943 ,
595 1890 724 1950 cap.
770 1864 880 1950 15)
903 1910 922 1941 ‚
958 1867 1034 1928 ad
1061 1868 1298 1928 tutelam
1327 1869 1663 1951 cultumque
1695 1870 1921 1951 generis
1953 1868 2189 1929 humani
2214 1891 2231 1939 3

81 1975 180 2034 sed
207 1975 336 2035 illos
360 2017 380 2048 ,
411 1992 546 2036 eum
577 1974 904 2034 bominibus
929 1988 1349 2035 commorantes
1362 2018 1381 2050 ,
1414 1974 1737 2042 dominator
1764 1976 1863 2035 ille
1886 1988 2047 2035 terne
2070 1974 2235 2034 falla-

80 2081 338 2141 cissimus
383 2081 680 2161 paullatim
728 2079 806 2140 ad
847 2076 988 2140 vitia
1033 2080 1272 2161 pellexit
1291 2124 1308 2155 ‚
1362 2094 1418 2141 et
1458 2082 1769 2141 mulierum
1834 2082 2235 2163 congressibus

77 2186 416 2268 inquinavit.
447 2187 598 2248 Tum
619 2186 686 2246 in'
709 2185 924 2247 Coelum
943 2185 1018 2245 ob
1037 2198 1269 2268 peccata
1295 2227 1312 2260 ,
1337 2185 1549 2266 quibus
1566 2206 1630 2246 se
1650 2187 2049 2246 immerserant
2068 2228 2087 2260 ‚
2114 2206 2233 2244 non

77 2293 292 2376 recepti
315 2335 334 2366 ,
383 2293 720 2352 ceciderunt
746 2293 808 2352 in
840 2292 1098 2352 Terram.
1151 2291 1244 2351 Sic
1285 2311 1385 2350 eos
1431 2292 1705 2352 Diabolus
1754 2296 1830 2352 ex
1864 2293 2083 2374 angelis
2114 2292 2231 2351 Dei

75 2420 202 2460 suos
233 2398 374 2460 fecit
400 2399 670 2458 satellites
699 2417 766 2455 ae
795 2397 1106 2456 ministros.
1135 2396 1252 2470 Qui
1281 2407 1475 2456 autem
1506 2407 1641 2456 sunt
1672 2417 1747 2456 ex
1774 2395 1865 2456 bis
1894 2397 2175 2476 procreati
2206 2439 2225 2470 ,

73 2507 204 2586 quia
227 2524 426 2585 neque
445 2501 662 2584 'Angeli
682 2542 701 2573 ,
731 2519 920 2582 neque
958 2499 1238 2560 Homines
1265 2497 1543 2574 fuerunt,¹
1582 2498 1687 2560 sed
1714 2499 1967 2559 mediam
2010 2522 2229 2581 quam-

73 2609 202 2670 dam
233 2609 514 2670 Naturam
541 2617 804 2689 gerentes
829 2647 846 2680 ,
879 2626 996 2664 non
1023 2616 1160 2664 sunt
1183 2604 1258 2664 ad
1289 2602 1511 2664 Inferos
1542 2606 1757 2686 recepti
1780 2649 1799 2680 ,
1830 2607 1979 2666 sicut
2011 2627 2121 2666 nec
2158 2608 2223 2666 in

73 2717 288 2777 Caelum
315 2717 602 2797 parentes
629 2714 908 2794 ipsorum.
945 2709 1034 2770 Ita
1063 2709 1178 2770 duo
1205 2729 1419 2793 genera
1463 2709 1803 2772 Daemonum
1850 2725 1985 2774 sunt
2030 2712 2181 2773 facta
2202 2753 2223 2788 ,

71 2845 254 2886 unum
281 2822 514 2882 caeleste
535 2863 554 2894 ,
587 2820 832 2880 alterum
861 2817 1200 2877 Terrenum.
1232 2843 1260 2870 n
1298 2816 1435 2897 Ipsa
1463 2816 1581 2876 baec
1610 2817 1749 2877 talia
1775 2817 2035 2880 Justinus
2060 2819 2225 2880 Mar-

69 2941 160 3008 tyr
182 2973 200 3004 ‚
269 2929 532 2989 Clemens
577 2923 999 2986 Alexandrinus
1019 2967 1038 2996 ,
1083 2921 1367 2984 Eusebius
1390 2965 1409 2998 ,
1454 2924 1841 2984 Tertullianus
1862 2967 1881 2998 ,
1939 2925 2223 3006 Sulpicius

68 3035 310 3096 Severus
337 3057 356 3093 =
388 3055 422 3094 e
449 3034 660 3115 quibus
693 3031 980 3092 Eusebius
1011 3030 1182 3090 etiam
1211 3029 1513 3090 Poetarum
1538 3028 1791 3090 fabulam
1812 3030 1887 3092 de
1906 3029 2217 3113 Gigantum

67 3143 380 3202 rebellione
407 3140 554 3222 petit
581 3151 640 3198 et
685 3138 862 3198 ducit.
896 3137 1120 3196 Horum
1163 3135 1341 3218 igitur
1382 3155 1553 3196 sensu
1578 3179 1595 3210 ,
1628 3135 1845 3217 duplex
1876 3136 2212 3198 Daemonum

67 3246 262 3328 lapsus
280 3288 299 3319 ‚
335 3257 394 3304 et
441 3245 698 3304 discretis
743 3241 1094 3324 temporibus
1123 3259 1150 3298 ε
1173 3240 1316 3300 alter
1344 3242 1531 3300 statim
1577 3242 1743 3301 initio
1785 3241 1995 3302 Mundi
2020 3264 2037 3313 ;
2074 3244 2219 3305 alter

69 3355 176 3412 iste
192 3397 211 3428 ‚
245 3352 438 3434 paullo
465 3363 598 3410 ante
625 3349 920 3410 Diluvium
935 3391 955 3422 ,
986 3359 1054 3407 ut
1079 3346 1330 3406 narratio
1358 3345 1579 3427 Moysis
1606 3347 1795 3408 docet.
1830 3347 2009 3410 Vides
2038 3351 2211 3412 etiam

67 3459 204 3518 istos
229 3455 422 3538 palam
447 3456 768 3539 genituram
796 3452 996 3514 Geniis
1022 3451 1346 3514 adscribere
1362 3495 1383 3528 ,
1414 3463 1473 3512 et
1498 3451 1747 3514 foeminis
1770 3454 2013 3538 jungere
2032 3497 2053 3531 ‚
2082 3478 2215 3518 eas-

69 3586 182 3646 que
211 3564 452 3647 implere
481 3584 500 3620 a
531 3561 660 3621 aliis
687 3560 993 3642 Theologis
1021 3556 1242 3618 fortiter
1269 3570 1561 3641 negatum.
1592 3559 1879 3642 Exempla
1910 3575 2010 3623 aut
2036 3565 2211 3624 testi-

71 3672 264 3730 monia
291 3671 462 3731 etiam
490 3667 662 3728 bodie
691 3666 872 3726 multa
897 3665 1032 3724 illuc
1071 3678 1209 3726 eunt
1239 3689 1258 3724 ε
1291 3666 1539 3726 rationes
1567 3666 1857 3744 abnuimt,
1884 3681 1943 3730 et
1966 3669 2213 3751 Spiritus

72 3779 118 3836 si
145 3779 264 3838 sint
283 3819 301 3850 ,
335 3775 492 3836 unde
520 3773 590 3832 iis
627 3789 822 3832 semen
847 3811 864 3844 ,
899 3780 959 3830 et
984 3791 1100 3850 qua
1143 3770 1484 3832 effundant?
1514 3771 1592 3834 At
1618 3775 1901 3856 corporati
1942 3787 2077 3836 sunt
2099 3818 2119 3850 ,
2150 3787 2211 3836 et

117 3977 154 4046 ἱ*
183 4015 340 4082 Supra
360 4048 376 4074 ,
399 4013 599 4062 Dissert-
617 4013 692 4061 De
707 4015 976 4076 Resurrect-

131 4106 162 4136 2
191 4099 372 4154 Tem
387 4103 700 4173 pena-imum.

269 4197 388 4265 lv.
1827 4193 1913 4258 35
