2667 4475
733 298 1278 369 EPISTOLA
1327 289 1629 367 cx1‘11.
2116 304 2245 395 257

113 428 422 498 animalia
447 442 644 515 sunt,
670 442 856 497 certe
883 428 1229 497 terrestria
1253 442 1435 495 sunt.
1466 427 1688 496 Omne
1725 427 1975 495 animal
2004 443 2249 495 terres-

116 560 214 612 tre
237 543 422 637 alget
444 592 463 625 ,
495 544 748 628 esurit,
781 545 965 627 sitit3
998 566 1166 636 ergo
1187 542 1455 636 justitia
1482 542 1705 637 alget,
1740 540 2065 611 fortitudo
2090 567 2249 612 esu-

119 659 237 741 rit,
277 656 424 725 sitit
459 656 841 725 clementia.
883 655 1077 748 Quid
1110 658 1368 750 porro?
1412 676 1551 725 non
1588 656 2021 749 interrogabo
2052 655 2243 739 illos,

119 798 311 865 quam
343 772 632 866 figuram
669 772 978 865 habeant·
995 776 1123 841 ista
1157 773 1521 843 animalia?
1558 773 1849 841 hominis
1868 823 1889 856 ,
1922 796 2009 840 an
2046 776 2245 865 equi,

115 912 196 957 an
233 889 394 957 ferae
415 882 448 956 ἰ)
473 890 549 959 si
577 888 936 957 rotundam
966 887 1101 955 illis
1123 895 1174 973 ¹,
1209 889 1478 980 qualem
1515 890 1699 969 Deo,
1750 886 2067 957 dederint
2104 889 2254 957 for-

118 1028 320 1089 mam,
367 1028 662 1097 quaeram
689 1054 709 1087 ,
741 1028 830 1071 an
863 1019 932 1072 et
968 1007 1251 1073 avaritia
1273 1055 1292 1083 ‚
1342 1021 1408 1072 et
1451 1004 1716 1073 luxuria
1742 1054 1761 1089 ,
1806 1021 1875 1072 et
1914 1003 2255 1075 dementia

113 1145 295 1213 aeque
339 1112 648 1189 rotnndae
685 1122 868 1189 sint?
906 1138 1064 1189 sunt
1114 1123 1295 1189 enim
1329 1137 1399 1188 et
1441 1123 1602 1214 ipsae
1639 1120 1981 1189 animalia.
2025 1124 2099 1191 Si
2132 1123 2255 1191 has

115 1259 380 1328 quoque
434 1232 1073 1302 corrotundaverint
1110 1248 1133 1318 “,
1189 1236 1577 1304 etiamnunc
1618 1234 2051 1329 interrogabo
2079 1286 2097 1319 ‚
2162 1260 2250 1304 an

114 1344 410 1441 prudens
444 1344 810 1415 ambulatio
846 1346 1095 1416 animal
1127 1349 1237 1415 sit.
1282 1352 1574 1417 Necesse
1605 1362 1705 1416 est
1744 1349 2199 1417 confiteantur
2228 1371 2251 1437 3

116 1461 358 1531 deinde
391 1460 656 1544 dicant,
695 1455 1218 1530 ambulationem
1254 1462 1501 1529 animal
1530 1486 1712 1547 esse,
1746 1478 1813 1529 et
1839 1462 2115 1554 quidem
2149 1488 2259 1532 ro-

115 1577 422 1646 tundum.
451 1576 554 1645 Ne
590 1592 785 1671 putes
813 1592 1038 1646 autem
1062 1627 1081 1660 ,
1115 1601 1222 1645 me
1254 1579 1548 1671 primum
1578 1602 1660 1645 ex
1688 1580 1972 1661 nostris,
2005 1602 2145 1646 non
2172 1602 2258 1645 ex

112 1692 500 1784 proescripto
529 1691 786 1783 loqui²,
823 1688 944 1758 sed
971 1714 1138 1758 meae
1166 1692 1518 1759 sententiae
1547 1714 1690 1758 esse
1733 1718 1749 1758 ε
1788 1686 1971 1759 inter
1999 1690 2259 1759 Clean-

113 1807 290 1875 them
322 1822 392 1874 et
411 1805 816 1899 discipulum
843 1805 992 1897 ejus
1012 1806 1471 1899 Chrysippum
1491 1856 1509 1889 ,
1536 1832 1676 1874 non
1698 1807 2017 1874 convenit
2034 1857 2052 1890 ‚
2086 1805 2258 1898 quid

112 1924 192 1989 sit
225 1922 626 1992 ambulatio.
672 1917 1038 1990 Cleanthes
1059 1916 1083 1955 ³
1127 1924 1260 2003 ait,
1297 1924 1607 2016 spiritum
1640 1948 1787 1991 esse
1820 1948 1860 1990 a
1894 1923 2261 2016 principali

115 2062 334 2132 usque
367 2041 442 2106 in
473 2037 684 2131 pedes
715 2038 1116 2131 permissum
1145 2067 1162 2125 3
1204 2038 1629 2134 Chrysippus
1662 2092 1681 2122 ‚
1730 2042 1948 2133 ipsum
1993 2041 2257 2133 princi-

109 2154 284 2246 pale.
325 2151 522 2246 Quid
557 2167 660 2221 est
707 2175 918 2247 ergo,
956 2175 1080 2220 cur
1117 2176 1256 2221 non
1289 2153 1507 2246 ipsius
1542 2151 1911 2247 Chrysippi
1954 2152 2259 2248 exemplo

107 2269 233 2337 sibi
263 2271 558 2362 quisque
595 2292 666 2336 se
699 2268 1000 2337 vindicet
1021 2319 1040 2352 ,
1086 2284 1156 2336 et
1181 2269 1311 2338 ista
1344 2284 1445 2336 tot
1469 2269 1786 2337 animalia
1807 2318 1826 2350 ‚
1860 2283 2028 2359 quot
2055 2293 2257 2336 mun-

111 2383 235 2454 dus
262 2387 411 2479 ipse
443 2409 583 2453 non
613 2400 835 2478 potest
870 2408 1113 2477 capere
1138 2435 1155 2468 ,
1197 2379 1507 2451 derideat
1531 2387 1562 2450 P

199 2505 354 2570 Non
398 2517 595 2582 sunt,
648 2502 911 2593 inquit,
955 2502 1240 2569 virtutes
1287 2501 1497 2569 multa
1535 2502 1887 2584 animalia,
1930 2517 1999 2568 et
2035 2517 2259 2569 tamen

107 2617 426 2686 animalia
453 2634 636 2686 sunt.
664 2620 869 2705 Nam,
913 2617 1479 2709 quemadmodum
1511 2616 1759 2708 aliquis
1794 2633 1861 2684 et
1887 2633 2085 2710 poeta
2116 2634 2253 2699 est,

109 2749 174 2799 et
201 2748 473 2817 orator,
512 2747 583 2799 et
608 2747 830 2800 tamen
855 2756 1071 2819 unus3
1104 2733 1203 2800 sic
1233 2733 1519 2830 virtutes
1546 2732 1687 2798 istae
1712 2731 2030 2800 animalia
2060 2748 2251 2814 sunt,

113 2845 230 2914 sed
257 2847 474 2916 multa
500 2871 637 2915 non
667 2861 846 2915 sunt.
881 2845 1068 2916 Idem
1094 2863 1197 2917 est
1217 2848 1483 2915 animus
1504 2897 1523 2930 ,
1558 2863 1625 2914 et
1654 2850 1921 2917 animus
1948 2842 2215 2942 ‘justus
2232 2901 2251 2932 ,

109 2977 175 3030 et
208 2962 518 3057 prudens
535 3011 560 3049 ,
599 2977 668 3030 et
699 2962 934 3048 fortis3
977 2962 1064 3030 ad
1111 2963 1414 3056 singulas
1442 2965 1727 3032 virtutes
1763 2964 2259 3058 quodammodo

109 3102 178 3146 se
207 3077 502 3147 habens.
526 3117 626 3130 -—
647 3078 922 3148 Sublata
952 3094 1054 3147 est
1081 3081 1363 3172 quaestio
1386 3073 1409 3116 ⁵
1434 3108 1453 3165 3
1494 3082 1809 3147 convenit
1836 3079 2059 3148 nobis.
2088 3084 2258 3150 Nam

107 3212 174 3262 et
209 3219 344 3290 ego
380 3195 654 3262 interim
680 3194 929 3277 fateor,
972 3196 1272 3264 animum
1303 3195 1553 3263 animal
1586 3219 1776 3283 esse3
1808 3213 2039 3289 postea
2074 3199 2260 3266 visu-

107 3336 261 3394 rus,
317 3336 540 3408 quam·
571 3310 660 3379 de
703 3313 832 3380 ista
876 3335 954 3380 re
991 3313 1395 3401 sententiam
1432 3312 1644 3380 feram
1693 3339 1708 3377 z
1766 3315 2064 3383 actiones
2112 3316 2261 3408 ejus

106 3428 430 3498 animalia
468 3451 614 3496 esse
646 3452 846 3522 nego.
900 3428 1220 3520 Alioquin
1261 3445 1330 3496 et
1362 3431 1587 3496 omnia
1620 3429 1826 3496 verba
1872 3447 2076 3498 erunt
2106 3435 2262 3500 ani-

2313 1064 2372 1117 18

2316 2012 2377 2064 ¹9

2313 3056 2374 3091 20

2453 3534 2496 3584 l

176 3666 216 3699 1.
235 3643 598 3698 sirmundum
617 3647 750 3709 illis,
770 3647 982 3714 qualem
1005 3641 1137 3698 Deo.
1234 3643 1431 3715 Lipsius
1449 3643 1626 3698 Senec.
1644 3645 1739 3716 Ep.
1758 3661 1873 3698 κου
1891 3661 1942 3701 et
1960 3668 2101 3701 suam
2123 3649 2259 3722 Phy-

108 3723 306 3795 Nempe
343 3721 549 3775 Mundo
568 3759 582 3785 ,
610 3722 701 3792 qni
736 3721 1021 3774 Stoicorum
1047 3740 1137 3774 se—
1233 3719 1415 3794 siolog.
1439 3722 1578 3774 stoie.
1604 3722 1677 3773 ln
1693 3761 1707 3787 ‚
1738 3731 1793 3791 1'7
1821 3735 1871 3777 et
1897 3725 1971 3777 18.
1996 3727 2174 3778 Ruhk.

107 3799 385 3852 enudat-ius
407 3799 547 3851 deus.
567 3797 718 3867 Lips.
1295 3799 1343 3864 4.
1360 3799 1437 3852 Et
1454 3802 1668 3852 animus
1683 3807 1872 3863 iustus.
1892 3803 2183 3874 Repetitum
2202 3801 2255 3854 h.

174 3898 220 3929 2.
248 3875 374 3930 Non
405 3895 480 3929 ea:
506 3877 806 3946 proescre‘pto
837 3880 998 3947 loqui.
1035 3877 1134 3929 Int-
1231 3879 1265 3931 l.
1287 3877 1464 3930 vocab.
1492 3881 1707 3930 animm
1736 3897 1841 3930 non
1865 3880 2037 3934 aderat
2066 3882 2223 3950 vulgo
2242 3921 2255 3942 ‚

109 3954 304 4007 nullius
325 3953 467 4024 s‘equi
493 3952 716 4025 magistri
742 3967 1002 4027 precepta.
1231 3955 1321 4008 sed
1342 3955 1593 4014 dederunt
1620 3969 1812 4010 veteres
1834 3956 1965 4010 libri.
1989 3955 2153 4012 Scboe.

173 4031 219 4083 3.
260 4030 586 4085 Cleanthes...
609 4033 914 4100 principale.
944 4034 1138 4086 Laudat
1301 4035 1350 4084 5.
1365 4031 1593 4086 Sublata
1608 4044 1688 4085 ese
1699 4039 1932 4101 quoeste‘o.
1948 4035 2070 4088 Duo
2085 4034 2255 4105 verba,

357 4129 474 4194 IV.
1882 4157 1903 4195 ι
1924 4157 1960 4223 7
