2667 4475
781 284 1297 365 'EPISTOLA
1344 295 1625 365 XCIV.-
2186 302 2275 395 93

129 450 300 525 opus
338 448 486 496 esse
520 422 719 493 nobis
753 424 987 517 aliquo
1017 422 1345 493 advocato
1365 474 1387 510 ,
1426 428 1553 519 qui
1584 439 1822 497 contra
1846 426 2081 521 populi
2106 450 2278 523 prae-

129 561 328 640 cepta
361 542 772 639 praecipiat?
797 540 999 610 Nulla
1031 539 1121 609 ad
1148 566 1349 611 aures
1375 556 1638 613 nostras
1668 568 1797 615 vox
1821 546 2099 639 impune
2124 568 2281 641 per-

135 663 356 731 fertur
399 686 416 728 :
463 674 716 728 nocent
737 708 756 740 ‚
800 660 922 751 qui
962 666 1254 750 ‘optant3
1290 675 1582 745 nocent,
1622 662 1743 753 qui
1780 679 2221 732 exsecrantur
2253 688 2274 733 z

130 794 400 847 namet
432 776 679 845 horum
720 775 1116 868 imprecatio
1151 773 1354 845 falsos
1392 778 1588 846 nobis
1626 792 1847 847 metus
1883 780 2169 866 inserit,
2210 794 2282 851 et

131 898 408 967 illorum
429 918 618 964 amor
637 894 812 963 male
834 893 1032 964 docet
1050 894 1228 963 bene
1249 896 1573 989 optando¹
1589 948 1606 965 .
1623 898 1836 966 Mittit
1849 896 2033 965 enim
2048 921 2174 967 nos
2190 895 2281 967 ad

131 1013 515 1108 longinqua
547 1008 730 1079 bona
748 1059 769 1095 ,
811 1024 881 1079 et
914 1010 1176 1079 incerta
1207 1025 1279 1078 et
1311 1012 1615 1079 errantia
1634 1061 1655 1095 ,
1698 1036 1911 1105 quum
1930 1014 2281 1107 ‘possimus

133 1129 530 1197 felicitatem
564 1125 762 1195 domo
793 1149 1137 1219 promere.
1176 1128 1332 1195 Non
1359 1125 1521 1195 licet
1539 1176 1559 1209 ,
1609 1128 1889 1220 inquam
1907 1178 1932 1213 ,
1968 1128 2073 1197 ire
2095 1144 2283 1199 recta

128 1246 242 1313 via
277 1272 297 1313 ι
333 1240 617 1313 'trahunt
653 1245 726 1311 in
766 1266 1050 1337 pravum
1094 1256 1415 1337 parentes
1438 1292 1455 1325 ,
1495 1241 1778 1313 trahunt
1814 1244 2037 1330 servi3
2081 1268 2282 1314 nemo
2396 1287 2403 1294 ·

129 1377 322 1431 errat
353 1362 478 1430 uni
500 1359 643 1429 ‘sibi
664 1411 688 1448 ,
725 1358 854 1429 sed
888 1358 1300 1429 dementiam
1337 1361 1599 1452 spargit
1639 1362 1714 1428 in
1749 1362 2135 1455 proximos,
2172 1386 2285 1431 ac-

129 1478 458 1571 cipitque
497 1477 816 1546 invicem.
873 1479 958 1545 Et
1002 1476 1160 1545 ideo
1210 1478 1288 1544 in
1335 1476 1627 1570 singulis
1674 1476 1843 1545 vitia
1875 1476 2283 1571 populorum

131 1610 294 1663 sunt
312 1644 336 1681 ,
379 1594 545 1685 quia
579 1592 696 1661 illa
731 1593 1024 1687 populus
1059 1592 1278 1662 dedit.
1329 1594 1509 1661 Dum
1558 1593 1719 1661 facit
1760 1593 2050 1685 quisque
2098 1594 2287 1687 pejo-

127 1732 319 1794 rem,
355 1708 572 1778 factus
607 1723 712 1777 est
746 1734 762 1775 :
798 1706 1041 1775 didicit
1071 1706 1453 1790 deteriora,
1488 1704 1741 1777 deinde
1770 1707 2043 1795 docuit3
2080 1709 2287 1779 effee-

129 1841 342 1917 taqne
375 1840 481 1893 est
516 1826 762 1916 ingens
787 1824 907 1891 illa
931 1825 1242 1916 nequitia
1264 1874 1284 1907 ,
1329 1840 1647 1915 congesto
1684 1826 1761 1891 in
1801 1848 2011 1893 unum
2032 1876 2051 1909 ,
2096 1825 2287 1919 quod

125 1943 384 2035 cuique
422 1944 789 2035 pessimum
831 1940 1092 2008 scitur.'
1115 1939 1218 2007 Sit
1259 1962 1425 2032 ergo
1463 1939 1713 2031 aliquis
1757 1956 1983 2009 custos
2005 1993 2024 2026 ,
2064 1958 2135 2011 et
2172 1967 2289 2013 au-

127 2082 282 2125 rem
313 2054 608 2125 subinde
642 2054 974 2149 pervellat
995 2104 1014 2137 ,
1055 2040 1427 2145 abigatque
1462 2076 1769 2123 rumores
1794 2104 1813 2138 ,
1857 2072 1929 2124 et
1962 2054 2287 2128 reclamet

127 2172 410 2266 populis
443 2169 899 2240 laudantibus.
939 2172 1146 2239 Erras
1181 2170 1364 2238 enim
1385 2219 1406 2254 ,
1448 2170 1506 2238 si
1538 2170 1875 2240 existimas
1926 2172 2284 2245 nobiscum

127 2291 298 2359 vitia
327 2287 520 2356 nasci
538 2291 565 2320 ²
602 2311 618 2353 :
653 2300 1234 2378 supervenerunt,
1271 2287 1537 2379 ingesta
1564 2301 1749 2353 sunt.
1802 2287 2042 2379 Itaque
2070 2291 2283 2358 moni-

129 2401 440 2470 tionibus
489 2398 751 2467 crebris
791 2399 1096 2468 convicia
1113 2393 1137 2434 ³
1159 2450 1178 2482 ‚
1229 2423 1383 2492 quae
1430 2419 1552 2467 nos
1595 2401 2099 2471 circumsonant
2113 2457 2133 2492 ,
2175 2429 2284 2472 re-

129 2517 504 2612 pellantur.
559 2514 749 2584 Nulli
803 2538 924 2584 nos
942 2509 968 2558 ⁶
1021 2516 1190 2586 vitio
1253 2531 1499 2584 natura
1556 2515 1917 2603 conciliat3
1972 2518 2277 2614 integros

131 2741 236 2793 tola
267 2739 547 2810 sequentis
575 2759 595 2792 1
622 2738 846 2792 :Petisa
867 2747 951 2792 m'e
967 2777 982 2805 ,
1013 2743 1078 2790 ‘nt
1099 2732 1162 2790 id

127 2821 280 2888 quod
293 2823 353 2871 in
367 2821 510 2870 diem
525 2837 682 2869 suum
703 2819 956 2870 dixeram
979 2818 1159 2870 debere

129 2898 346 2970 referri,
375 2905 748 2964 representem.

206 2996 251 3028 1.
279 2975 436 3028 Male
459 2970 601 3025 docet
622 2973 746 3025 bene
769 2973 1014 3042 optando.
1042 2973 1162 3044 Op-

126 3052 294 3105 tando
315 3049 466 3102 nobis
486 3067 544 3101 ea
563 3067 672 3119 quae
689 3047 826 3101 bona
847 3049 1159 3116 existimant,

127 3132 370 3184 animum
397 3139 626 3183 nostrum
655 3127 712 3178 in
727 3147 968 3195 ‚errorem
993 3127 1161 3181 indu-

125 3221 259 3264 cunt
277 3209 343 3261 de
360 3206 649 3280 appetendis
671 3205 1030 3278 fugiendisque
1044 3227 1057 3260 ι
1070 3228 1164 3280 op-

129 3303 247 3344 tant
269 3287 412 3341 enim
437 3285 653 3351 divitias,
677 3287 978 3359 potentiam,
998 3299 1046 3339 et
1069 3306 1164 3342 οε-

127 3383 246 3421 tera
271 3363 496 3418 fortuita.

202 3467 254 3498 2.
269 3445 556 3499 Nobiscum
571 3446 703 3496 vilia
718 3448 877 3499 nasci.
896 3443 1010 3496 Hoc
1027 3444 1164 3496 enim

127 3523 290 3579 stoici
314 3523 505 3577 sortiter
528 3523 789 3589 abnuunt,
812 3536 861 3576 et
879 3523 1058 3577 volunt
1075 3545 1166 3578 ne·

127 3617 245 3656 tura
287 3601 450 3654 bonos
502 3621 622 3655 esse.
645 3601 780 3654 Vide
823 3603 1044 3655 Manud.
1069 3603 1118 3654 11
1143 3642 1160 3665 ,

125 3685 353 3738 Dissert.
378 3697 428 3733 x.
451 3681 600 3750 Lips.

196 3762 248 3814 3.
287 3762 557 3821 Convicia,
597 3775 716 3827 quoe
751 3753 844 3811 nos
879 3763 1164 3812 circumso-

127 3851 266 3892 nant
275 3878 294 3906 ,
309 3841 598 3907 repellantu
603 3837 838 3910 r.Vulgo,
850 3838 1162 3906 opiniones...

124 3936 538 3986 compescamus.
576 3915 681 3969 Sed
700 3919 1019 3986 repellantur·
1059 3915 1159 3968 de-

131 3997 258 4049 dere
283 4017 334 4050 a.
359 4015 402 4048 c.
429 3997 504 4046 A.
533 3995 644 4047 Pal.
683 4015 726 4046 2.
764 4006 814 4046 et
846 3992 990 4046 Pine.
1025 3993 1160 4044 Tum

125 4079 402 4144 opiniones
443 4073 656 4144 quidem
704 4093 818 4127 cum
871 4073 984 4127 aliis
1027 4083 1164 4125 tenet

1249 2737 1412 2790 etiam
1449 2756 1540 2789 ms.
1577 2757 1631 2790 a.
1665 2736 1722 2789 in
1754 2749 2018 2801 contextim
2059 2739 2148 2792 sed
2184 2759 2281 2793 su·-

1255 2833 1412 2889 perne
1461 2814 1701 2886 scriptum
1748 2829 1820 2868 est
1866 2817 2074 2888 antiqua
2121 2837 2281 2872 manu

1256 2892 1433 2946 vocab.
1468 2896 1697 2948 convitia
1735 2894 1814 2963 (i.
1849 2914 1894 2946 e.
1924 2897 2153 2949 confusas
2177 2917 2282 2949 vo·-

1256 2993 1367 3034 ces.
1388 2973 1691 3043 clamores),
1721 2974 1864 3046 quod
1887 2973 2020 3029 haud
2043 2976 2195 3029 dubie
2220 2995 2281 3028 er.

1257 3063 1424 3103 vetere
1473 3071 1691 3122 veraque
1738 3052 1978 3124 scriptura
2028 3065 2279 3107 servatum

1260 3147 1365 3182 esse
1390 3129 1629 3199 judicavi.
1654 3129 1816 3184 Scbw.

1326 3207 1375 3273 4.
1399 3207 1557 3260 Nuils‘
1580 3225 1724 3261 nos...
1749 3211 1943 3278 genuit.
1978 3209 2166 3261 Anima
2187 3210 2281 3262 in-

1259 3283 1414 3337 fantis
1452 3287 1703 3340 nascentis
1741 3308 1899 3360 quum
1940 3300 2057 3341 ante
2101 3309 2282 3363 corpus

1261 3387 1411 3420 suum
1440 3387 1546 3420 non
1574 3369 1732 3435 adsit,
1760 3371 2003 3441 sequitur,
2032 3382 2148 3423 ante
2176 3372 2282 3441 ejus

1264 3464 1381 3499 cum
1418 3465 1627 3518 corpore
1668 3448 2077 3520 conjunctionem
2118 3449 2283 3503 nullas

1261 3524 1496 3577 notiones
1523 3525 1759 3598 ideasque
1783 3529 2009 3594 innatas,
2036 3550 2159 3600 quas
2182 3551 2285 3584 vo-

1261 3622 1435 3656 camus
1450 3645 1462 3666 ,
1482 3603 1664 3658 babere
1682 3618 1854 3677 :atque
1872 3618 2133 3680 propterea
2148 3628 2287 3660 com-

1263 3679 1509 3752 parabant
1530 3693 1740 3746 veteres,
1764 3682 1936 3753 utique
1962 3683 2153 3751 Stoici,
2174 3705 2285 3739 eam

1267 3776 1383 3809 cum
1408 3779 1533 3832 pura
1559 3758 1755 3826 charta,
1783 3759 1837 3811 in
1864 3779 1960 3830 qua
1988 3749 2098 3834 pars
2122 3763 2287 3816 ratio-

1263 3835 1393 3888 nalis
1411 3856 1450 3888 s.
1466 3836 1753 3909 principalis
1773 3839 1848 3902 (τὶ
1864 3841 2129 3907 ἦγεμονικὸν
2148 3841 2283 3908 μέρος

1258 3925 1341 3976 τῆς
1356 3915 1539 3984 ψυχῆς)
1558 3915 1699 3985 quasi
1720 3914 2040 3981 inscriberet,
2063 3933 2177 3984 quoe
2197 3935 2286 3988 per

1259 4013 1432 4048 sensus
1452 4007 1501 4046 et
1520 3995 1877 4067 experientiam
1898 3994 2085 4066 allapsa
2106 4005 2283 4047 essent.

1265 4097 1293 4122 α
1317 4074 1437 4128 Non
1455 4086 1621 4125 eutem
1641 4074 1725 4126 dat
1748 4086 1925 4126 natura
1939 4073 2196 4138 virtutem,
2216 4072 2287 4126 eit

2331 1740 2399 1809 54
