2667 4475
474 335 607 430 478
1048 329 1482 400 SENECA-3
1525 329 1659 400 ET
1709 331 2028 398 PAULI

468 449 910 534 Macedonem
933 457 1232 554 Philippi
1256 459 1470 528 filium
1485 508 1509 545 ,
1539 475 1612 528 et
1635 475 1787 552 post
1807 461 2096 528 Darium
2115 509 2134 542 ,
2167 461 2597 554 Dionysium:

470 594 699 647 nostra
732 593 1003 668 quoque
1034 575 1273 643 Caium
1304 575 1662 642 Caesarem.
1701 572 1976 666 Quibus
2002 573 2358 667 quicquid
2387 575 2596 644 libuit.

470 693 685 760 licuit.
722 690 1119 758 Incendium
1145 686 1310 756 urbs
1332 690 1636 756 'Romana
1661 689 2018 758 manifeste
2041 713 2232 783 saepe
2259 689 2464 758 unde
2503 715 2600 782 pa-

470 810 715 889 tiatur,
746 820 1028 875 constat.
1064 803 1201 873 Sed
1230 804 1286 870 si
1317 803 1510 872 effari
1536 803 1884 872 humilitas
1911 803 2218 873 humana
2243 809 2600 898 potuisset,

470 921 641 1014 quid
672 943 888 990 causae
918 922 1043 1003 sit,
1085 936 1153 988 et
1186 921 1465 1012 impune
1506 920 1581 988 in
1619 918 1730 987 his
1763 921 2066 990 tenebris
2095 921 2300 1013 loqui
2341 922 2598 998 liceret,

410 1117 439 1128 ,
462 1039 604 1130 jam
630 1061 859 1106 omnes
885 1036 1109 1105 omnia
1133 1034 1473 1104 viderent.
1503 1035 1876 1104 Christiani
1905 1051 1974 1104 et
1997 1034 2224 1107 Judaei
2253 1038 2460 1128 quasi
2485 1059 2604 1103 ma-

472 1153 855 1222 chinatores
878 1149 1178 1221 incendii
1194 1201 1214 1233 ,
1248 1150 1584 1243 supplicio
1605 1151 1788 1220 affici
1817 1151 2056 1220 solent.
2091 1152 2476 1219 Grassator
2497 1153 2599 1217 iste

473 1271 780 1362 quisquis
811 1283 913 1337 est
930 1319 950 1352 ,
990 1269 1103 1337 cui
1128 1266 1437 1358 voluptas
1467 1247 1862 1334 carnificina
1891 1280 1995 1332 est
2013 1315 2032 1347 ,
2075 1281 2144 1331 et
2179 1265 2600 1332 mendacium

469 1386 917 1458 velamentum
934 1434 954 1467 ,
988 1383 1275 1475 tempori
1300 1405 1423 1448 suo
1447 1379 1820 1449 destinatus
1843 1394 1978 1462 est,
2013 1395 2084 1448 et
2105 1381 2422 1473 optimus
2447 1381 2602 1471 quis-

471 1527 605 1595 que
633 1525 844 1571 unum
870 1521 999 1594 pro
1027 1497 1254 1568 multis
1283 1495 1604 1564 donatum
1632 1510 1736 1562 est
1763 1510 1989 1586 caput.
2028 1495 2132 1560 Ita
2159 1509 2238 1560 et
2261 1493 2392 1561 hic
2421 1494 2598 1560 devo-

470 1634 581 1685 tus
613 1639 739 1709 pro
776 1614 1089 1684 omnibus
1120 1615 1269 1707 igni
1304 1608 1739 1679 cremabitur.
1793 1609 2082 1676 Centum
2125 1603 2434 1700 triginta
2475 1605 2596 1674 dm

475 1730 745 1814 domus,
779 1727 1016 1796 insulae
1042 1741 1357 1819 quatuor,
1386 1747 1502 1792 sex
1525 1721 1769 1790 diebus
1791 1745 2056 1808 arsere3
2083 1723 2432 1814 septimus
2453 1747 2596 1815 pau-

472 1869 611 1913 sam
644 1843 856 1912 dedit.
895 1846 1080 1912 Bene
1108 1857 1177 1910 te
1208 1841 1466 1926 valere,
1509 1840 1743 1924 frater,
1781 1853 1966 1932 opto.
2002 1839 2180 1908 Data
2215 1863 2290 1905 V.
2319 1837 2590 1908 Culend.

470 1960 693 2054 April.
731 1959 1035 2053 Apronio
1067 1973 1137 2028 et
1169 1958 1500 2051 Capitone
1529 1957 1716 2024 Coss.

958 2132 1126 2202 XII.
1174 2160 1442 2201 sennes
1485 2159 1714 2200 »Auno
1753 2157 2104 2199 utu-ren.

567 2310 752 2396 Ave,
808 2309 901 2375 mi
957 2304 1165 2375 Paule
1217 2306 1584 2374 carissime.
1634 2306 1780 2373 Nisi
1818 2304 1986 2373 mihi
2018 2306 2434 2399 nominique
2467 2332 2590 2376 meo

466 2426 578 2493 vir
594 2436 821 2491 tantus
836 2435 906 2487 et
920 2420 1010 2488 ad
1032 2419 1107 2487 id
1128 2416 1429 2486 delectus
1451 2416 1763 2487 omnibus
1779 2416 2022 2503 modis,
2049 2441 2192 2485 non
2215 2418 2383 2489 dico
2409 2422 2592 2491 fueris

462 2542 769 2633 junctus,
800 2536 922 2605 sed
945 2536 1320 2604 necessario
1347 2535 1624 2619 mixtus,
1654 2548 1874 2602 actum
1902 2534 2034 2602 erit
2060 2532 2148 2602 de
2171 2536 2446 2608 Seneca
2469 2558 2582 2608 tuo.

470 2656 699 2747 Quum
720 2654 811 2721 sis
836 2653 1050 2746 igitur
1062 2665 1294 2720 vertex
1313 2701 1332 2734 ,
1360 2666 1429 2719 et
1451 2647 1924 2719 altissimorum
1947 2652 2250 2719 omnium
2271 2656 2584 2724 montium

470 2790 791 2836 cacumen
814 2815 832 2847 ,
873 2765 1015 2833 noli
1044 2764 1291 2849 latere3
1326 2764 1422 2831 its
1454 2764 1582 2831 sim
1613 2764 1740 2831 tibi
1765 2764 2148 2858 proximus,
2186 2782 2270 2833 ut
2307 2768 2486 2837 alter
2511 2772 2584 2836 si-

470 2884 648 2953 milis
676 2882 775 2950 tui
809 2880 1098 2974 deputer
1146 2906 1161 2945 ε
1206 2876 1395 2948 haud
1427 2880 1655 2972 itaque
1688 2895 1756 2948 te
1787 2878 2144 2973 indignum
2173 2884 2410 2975 prima
2439 2886 2584 2953 facie

468 2996 903 3093 epistolarum
951 2991 1438 3063 nominandum
1480 3016 1788 3079 censeas,
1835 3016 1924 3062 ne
1963 3008 2101 3062 tam
2139 3011 2414 3065 tentare
2459 3022 2578 3076 me,

466 3138 670 3208 quam
700 3111 938 3181 ludere
964 3109 1299 3197 videaris3
1339 3111 1594 3203 quippe
1634 3133 1844 3201 quum
1894 3111 2065 3178 scias
2097 3111 2322 3179 civem
2355 3136 2500 3181 esse
2531 3128 2580 3179 te

468 3232 867 3297 Romanum.
908 3228 1075 3294 Nam
1110 3228 1231 3317 qui
1266 3240 1423 3293 tuus
1455 3238 1559 3291 est
1591 3223 1776 3315 apud
1801 3238 1953 3291 tuos
1979 3222 2168 3292 locus
2191 3274 2212 3308 ,
2249 3226 2491 3308 velim,
2521 3240 2578 3291 ut

467 3342 649 3435 apud
684 3366 870 3411 meos
904 3344 991 3411 sit
1028 3327 1239 3410 meus.
1280 3339 1482 3422 Vale,
1541 3340 1630 3406 mi
1661 3338 1869 3408 Paule
1913 3340 2290 3407 carissime.
2325 3342 2490 3410 Data
2519 3364 2568 3405 x.

470 3457 618 3525 Cal.
660 3457 878 3552 April.
925 3458 1225 3549 Apronio
1258 3472 1329 3524 et
1358 3456 1686 3548 Capitone
1712 3457 1903 3523 Coss.

948 3641 1159 3703 XIII.
1208 3659 1481 3702 seneca
1526 3661 1756 3701 nuno
1797 3660 2137 3701 neuun.

570 3816 753 3898 Ave,
816 3811 906 3879 mi
950 3810 1158 3880 Paule
1210 3812 1576 3879 carissime.
1636 3809 2018 3903 Allegorice
2063 3823 2130 3875 et
2175 3810 2568 3902 aenigmatice

475 3932 682 3999 multa
706 3952 745 3997 a
781 3944 847 3995 te
882 3950 1366 4021 usquequaque
1395 3949 1599 4019 opera
1624 3926 2042 4009 conduntur,
2083 3932 2150 3993 et
2177 3924 2336 3993 ideo
2371 3948 2566 3993 rerum

460 4062 657 4114 {ama
690 4047 792 4113 vis
830 4060 896 4112 et
929 4044 1192 4111 numeri
1240 4041 1366 4109 tibi
1413 4041 1688 4123 tributi,
1741 4066 1878 4111 non
1919 4056 2310 4109 ornamento
2351 4040 2565 4111 verbo-
