<?xml version="1.0" encoding="UTF-8"?>
<!DOCTYPE html PUBLIC "-//W3C//DTD XHTML 1.0 Transitional//EN"
    "http://www.w3.org/TR/xhtml1/DTD/xhtml1-transitional.dtd">
<html xmlns="http://www.w3.org/1999/xhtml" xml:lang="en" lang="en">
 <head>
  <title>
</title>
<meta http-equiv="Content-Type" content="text/html;charset=utf-8" />
  <meta name='ocr-system' content='tesseract 3.04.00' />
  <meta name='ocr-capabilities' content='ocr_page ocr_carea ocr_par ocr_line ocrx_word'/>
</head>
<body>
  <div class='ocr_page' id='page_1' title='image "./lannaeisenecaeo04bouigoog_0451.png"; bbox 0 0 2667 4475; ppageno 0'>
   <div class='ocr_carea' id='block_1_1' title="bbox 422 301 1776 448">
    <p class='ocr_par' dir='ltr' id='par_1_1' title="bbox 422 301 1776 448">
     <span class='ocr_line' id='line_1_1' title="bbox 422 301 1776 448; baseline -0.004 -18"><span class='ocrx_word' id='word_1_1' title='bbox 422 363 551 448; x_wconf 74' lang='lat'><strong>452</strong></span> <span class='ocrx_word' id='word_1_2' title='bbox 736 301 741 306; x_wconf 33' lang='lat'>⁸</span> <span class='ocrx_word' id='word_1_3' title='bbox 1204 353 1776 425; x_wconf 73' lang='lat' dir='ltr'><strong>ExcEnPTA</strong></span> 
     </span>
    </p>
   </div>
   <div class='ocr_carea' id='block_1_2' title="bbox 410 483 2567 1262">
    <p class='ocr_par' dir='ltr' id='par_1_2' title="bbox 410 483 2567 1262">
     <span class='ocr_line' id='line_1_2' title="bbox 416 483 2564 586; baseline 0 -27"><span class='ocrx_word' id='word_1_4' title='bbox 416 493 675 560; x_wconf 84' lang='lat' dir='ltr'><strong>minem</strong></span> <span class='ocrx_word' id='word_1_5' title='bbox 715 503 991 558; x_wconf 83' lang='lat' dir='ltr'><strong>susurro</strong></span> <span class='ocrx_word' id='word_1_6' title='bbox 1026 500 1307 581; x_wconf 85' lang='lat' dir='ltr'><strong>appetas</strong></span> <span class='ocrx_word' id='word_1_7' title='bbox 1326 535 1352 571; x_wconf 88' lang='lat'>,</span> <span class='ocrx_word' id='word_1_8' title='bbox 1394 487 1736 554; x_wconf 88' lang='lat' dir='ltr'><strong>neminem</strong></span> <span class='ocrx_word' id='word_1_9' title='bbox 1770 483 2091 554; x_wconf 79' lang='lat' dir='ltr'><strong>suffodias</strong></span> <span class='ocrx_word' id='word_1_10' title='bbox 2110 536 2134 573; x_wconf 89' lang='lat'>‚</span> <span class='ocrx_word' id='word_1_11' title='bbox 2171 489 2404 583; x_wconf 83' lang='lat' dir='ltr'><strong>palam</strong></span> <span class='ocrx_word' id='word_1_12' title='bbox 2441 513 2564 586; x_wconf 82' lang='lat' dir='ltr'><strong>ag-</strong></span> 
     </span>
     <span class='ocr_line' id='line_1_3' title="bbox 424 600 2567 701; baseline 0.001 -27"><span class='ocrx_word' id='word_1_13' title='bbox 424 603 713 701; x_wconf 82' lang='lat' dir='ltr'>gredere</span> <span class='ocrx_word' id='word_1_14' title='bbox 726 629 751 691; x_wconf 84' lang='lat'><strong>·;</strong></span> <span class='ocrx_word' id='word_1_15' title='bbox 773 627 912 672; x_wconf 88' lang='lat' dir='ltr'><strong>non</strong></span> <span class='ocrx_word' id='word_1_16' title='bbox 935 625 1131 695; x_wconf 79' lang='lat' dir='ltr'><strong>geres</strong></span> <span class='ocrx_word' id='word_1_17' title='bbox 1149 601 1565 690; x_wconf 88' lang='lat' dir='ltr'><strong>conflictum,</strong></span> <span class='ocrx_word' id='word_1_18' title='bbox 1586 604 1719 671; x_wconf 87' lang='lat' dir='ltr'><strong>nisi</strong></span> <span class='ocrx_word' id='word_1_19' title='bbox 1738 600 2095 689; x_wconf 82' lang='lat' dir='ltr'><strong>indixeris3</strong></span> <span class='ocrx_word' id='word_1_20' title='bbox 2111 627 2269 674; x_wconf 88' lang='lat' dir='ltr'><strong>nam</strong></span> <span class='ocrx_word' id='word_1_21' title='bbox 2287 605 2567 676; x_wconf 84' lang='lat' dir='ltr'><strong>fraudes</strong></span> 
     </span>
     <span class='ocr_line' id='line_1_4' title="bbox 417 717 2566 814; baseline 0 -24"><span class='ocrx_word' id='word_1_22' title='bbox 417 739 489 790; x_wconf 86' lang='lat' dir='ltr'><strong>et</strong></span> <span class='ocrx_word' id='word_1_23' title='bbox 516 720 657 790; x_wconf 80' lang='lat' dir='ltr'><strong>doli</strong></span> <span class='ocrx_word' id='word_1_24' title='bbox 693 719 1113 789; x_wconf 89' lang='lat' dir='ltr'><strong>imbecillum</strong></span> <span class='ocrx_word' id='word_1_25' title='bbox 1142 717 1414 788; x_wconf 88' lang='lat' dir='ltr'><strong>decent.</strong></span> <span class='ocrx_word' id='word_1_26' title='bbox 1443 721 1598 787; x_wconf 85' lang='lat' dir='ltr'><strong>Eris</strong></span> <span class='ocrx_word' id='word_1_27' title='bbox 1623 719 2124 812; x_wconf 73' lang='lat' dir='ltr'><strong>magnanimus,</strong></span> <span class='ocrx_word' id='word_1_28' title='bbox 2161 720 2218 789; x_wconf 92' lang='lat' dir='ltr'><strong>si</strong></span> <span class='ocrx_word' id='word_1_29' title='bbox 2251 721 2566 814; x_wconf 81' lang='lat' dir='ltr'><strong>pericula</strong></span> 
     </span>
     <span class='ocr_line' id='line_1_5' title="bbox 413 831 2558 929; baseline -0 -25"><span class='ocrx_word' id='word_1_30' title='bbox 413 861 542 905; x_wconf 90' lang='lat' dir='ltr'><strong>nec</strong></span> <span class='ocrx_word' id='word_1_31' title='bbox 576 849 858 929; x_wconf 84' lang='lat' dir='ltr'><strong>appetas</strong></span> <span class='ocrx_word' id='word_1_32' title='bbox 883 884 903 917; x_wconf 89' lang='lat'>,</span> <span class='ocrx_word' id='word_1_33' title='bbox 942 847 1023 901; x_wconf 92' lang='lat' dir='ltr'><strong>ut</strong></span> <span class='ocrx_word' id='word_1_34' title='bbox 1048 834 1446 902; x_wconf 89' lang='lat' dir='ltr'><strong>temerarius</strong></span> <span class='ocrx_word' id='word_1_35' title='bbox 1473 860 1493 919; x_wconf 66' lang='grc' dir='ltr'>ς</span> <span class='ocrx_word' id='word_1_36' title='bbox 1535 855 1666 900; x_wconf 89' lang='lat' dir='ltr'><strong>nec</strong></span> <span class='ocrx_word' id='word_1_37' title='bbox 1713 831 2034 902; x_wconf 75' lang='lat' dir='ltr'><strong>formides</strong></span> <span class='ocrx_word' id='word_1_38' title='bbox 2053 883 2075 916; x_wconf 88' lang='lat'>‚</span> <span class='ocrx_word' id='word_1_39' title='bbox 2117 849 2196 902; x_wconf 93' lang='lat' dir='ltr'><strong>ut</strong></span> <span class='ocrx_word' id='word_1_40' title='bbox 2227 834 2558 920; x_wconf 83' lang='lat' dir='ltr'><strong>timidus3</strong></span> 
     </span>
     <span class='ocr_line' id='line_1_6' title="bbox 412 947 2564 1042; baseline -0.002 -21"><span class='ocrx_word' id='word_1_41' title='bbox 412 976 569 1022; x_wconf 84' lang='lat' dir='ltr'><strong>nam</strong></span> <span class='ocrx_word' id='word_1_42' title='bbox 600 951 703 1020; x_wconf 90' lang='lat' dir='ltr'><strong>nil</strong></span> <span class='ocrx_word' id='word_1_43' title='bbox 728 948 1039 1019; x_wconf 89' lang='lat' dir='ltr'><strong>timidum</strong></span> <span class='ocrx_word' id='word_1_44' title='bbox 1068 951 1231 1019; x_wconf 82' lang='lat' dir='ltr'><strong>facit</strong></span> <span class='ocrx_word' id='word_1_45' title='bbox 1256 950 1558 1018; x_wconf 91' lang='lat' dir='ltr'><strong>animum</strong></span> <span class='ocrx_word' id='word_1_46' title='bbox 1581 997 1604 1034; x_wconf 85' lang='lat'><strong><em>,</em></strong></span> <span class='ocrx_word' id='word_1_47' title='bbox 1641 948 1774 1016; x_wconf 86' lang='lat' dir='ltr'><strong>nisi</strong></span> <span class='ocrx_word' id='word_1_48' title='bbox 1809 947 2378 1042; x_wconf 85' lang='lat' dir='ltr'><strong>reprehensibilis</strong></span> <span class='ocrx_word' id='word_1_49' title='bbox 2407 951 2564 1018; x_wconf 68' lang='lat' dir='ltr'><strong>vitae</strong></span> 
     </span>
     <span class='ocr_line' id='line_1_7' title="bbox 410 1066 2562 1159; baseline -0.001 -24"><span class='ocrx_word' id='word_1_50' title='bbox 410 1067 849 1136; x_wconf 89' lang='lat' dir='ltr'><strong>conscientia.</strong></span> <span class='ocrx_word' id='word_1_51' title='bbox 903 1069 1229 1135; x_wconf 89' lang='lat' dir='ltr'><strong>Mensura</strong></span> <span class='ocrx_word' id='word_1_52' title='bbox 1276 1087 1444 1158; x_wconf 78' lang='lat' dir='ltr'><strong>ergo</strong></span> <span class='ocrx_word' id='word_1_53' title='bbox 1498 1066 2071 1159; x_wconf 74' lang='lat' dir='ltr'><strong>magnanimitatis</strong></span> <span class='ocrx_word' id='word_1_54' title='bbox 2105 1081 2210 1134; x_wconf 86' lang='lat' dir='ltr'><strong>est</strong></span> <span class='ocrx_word' id='word_1_55' title='bbox 2233 1115 2256 1150; x_wconf 88' lang='lat'><strong>,</strong></span> <span class='ocrx_word' id='word_1_56' title='bbox 2305 1089 2444 1135; x_wconf 85' lang='lat' dir='ltr'><strong>nec</strong></span> <span class='ocrx_word' id='word_1_57' title='bbox 2477 1067 2562 1134; x_wconf 86' lang='lat' dir='ltr'><strong>ti-</strong></span> 
     </span>
     <span class='ocr_line' id='line_1_8' title="bbox 410 1179 1846 1262; baseline -0.002 -11"><span class='ocrx_word' id='word_1_58' title='bbox 410 1183 669 1252; x_wconf 87' lang='lat' dir='ltr'><strong>midum</strong></span> <span class='ocrx_word' id='word_1_59' title='bbox 703 1205 850 1252; x_wconf 88' lang='lat' dir='ltr'><strong>esse</strong></span> <span class='ocrx_word' id='word_1_60' title='bbox 882 1181 1279 1262; x_wconf 83' lang='lat' dir='ltr'><strong>bominem,</strong></span> <span class='ocrx_word' id='word_1_61' title='bbox 1321 1205 1452 1250; x_wconf 90' lang='lat' dir='ltr'><strong>nec</strong></span> <span class='ocrx_word' id='word_1_62' title='bbox 1492 1179 1846 1250; x_wconf 77' lang='lat' dir='ltr'><strong>audacem.</strong></span> 
     </span>
    </p>
   </div>
   <div class='ocr_carea' id='block_1_3' title="bbox 1155 1395 1791 1439">
    <p class='ocr_par' dir='ltr' id='par_1_3' title="bbox 1155 1395 1791 1439">
     <span class='ocr_line' id='line_1_9' title="bbox 1155 1395 1791 1439; baseline -0.006 -1"><span class='ocrx_word' id='word_1_63' title='bbox 1155 1397 1242 1439; x_wconf 76' lang='lat' dir='ltr'><strong>DE</strong></span> <span class='ocrx_word' id='word_1_64' title='bbox 1282 1395 1791 1438; x_wconf 60' lang='lat' dir='ltr'><strong>conviximus.</strong></span> 
     </span>
    </p>
   </div>
   <div class='ocr_carea' id='block_1_4' title="bbox 406 1535 2572 4179">
    <p class='ocr_par' dir='ltr' id='par_1_4' title="bbox 406 1535 2572 4179">
     <span class='ocr_line' id='line_1_10' title="bbox 508 1535 2564 1630; baseline -0.001 -20"><span class='ocrx_word' id='word_1_65' title='bbox 508 1539 1011 1610; x_wconf 87' lang='lat' dir='ltr'><strong>Continentiam</strong></span> <span class='ocrx_word' id='word_1_66' title='bbox 1059 1559 1225 1604; x_wconf 81' lang='lat' dir='ltr'><strong>vero</strong></span> <span class='ocrx_word' id='word_1_67' title='bbox 1260 1538 1316 1604; x_wconf 88' lang='lat' dir='ltr'><strong>si</strong></span> <span class='ocrx_word' id='word_1_68' title='bbox 1363 1535 1596 1628; x_wconf 77' lang='lat' dir='ltr'><strong>diligis</strong></span> <span class='ocrx_word' id='word_1_69' title='bbox 1618 1583 1638 1616; x_wconf 89' lang='lat'>‚</span> <span class='ocrx_word' id='word_1_70' title='bbox 1696 1535 2109 1604; x_wconf 78' lang='lat' dir='ltr'><strong>circumcide</strong></span> <span class='ocrx_word' id='word_1_71' title='bbox 2155 1539 2514 1630; x_wconf 86' lang='lat' dir='ltr'><strong>superflua</strong></span> <span class='ocrx_word' id='word_1_72' title='bbox 2543 1591 2564 1619; x_wconf 89' lang='lat'>,</span> 
     </span>
     <span class='ocr_line' id='line_1_11' title="bbox 408 1651 2566 1742; baseline 0 -18"><span class='ocrx_word' id='word_1_73' title='bbox 408 1675 476 1726; x_wconf 87' lang='lat' dir='ltr'><strong>et</strong></span> <span class='ocrx_word' id='word_1_74' title='bbox 516 1659 588 1725; x_wconf 90' lang='lat' dir='ltr'><strong>in</strong></span> <span class='ocrx_word' id='word_1_75' title='bbox 631 1672 890 1726; x_wconf 88' lang='lat' dir='ltr'><strong>arctum</strong></span> <span class='ocrx_word' id='word_1_76' title='bbox 936 1651 1276 1722; x_wconf 88' lang='lat' dir='ltr'><strong>desideria</strong></span> <span class='ocrx_word' id='word_1_77' title='bbox 1310 1666 1426 1719; x_wconf 90' lang='lat' dir='ltr'><strong>tua</strong></span> <span class='ocrx_word' id='word_1_78' title='bbox 1461 1651 1878 1742; x_wconf 81' lang='lat' dir='ltr'><strong>constringe.</strong></span> <span class='ocrx_word' id='word_1_79' title='bbox 1919 1651 2298 1722; x_wconf 71' lang='lat' dir='ltr'><strong>Considera</strong></span> <span class='ocrx_word' id='word_1_80' title='bbox 2335 1671 2566 1725; x_wconf 87' lang='lat' dir='ltr'><strong>tecum</strong></span> 
     </span>
     <span class='ocr_line' id='line_1_12' title="bbox 410 1766 2572 1864; baseline -0 -24"><span class='ocrx_word' id='word_1_81' title='bbox 410 1787 739 1864; x_wconf 89' lang='lat' dir='ltr'><strong>quantum</strong></span> <span class='ocrx_word' id='word_1_82' title='bbox 773 1783 1016 1838; x_wconf 88' lang='lat' dir='ltr'><strong>natura</strong></span> <span class='ocrx_word' id='word_1_83' title='bbox 1046 1782 1319 1861; x_wconf 87' lang='lat' dir='ltr'><strong>poscat,</strong></span> <span class='ocrx_word' id='word_1_84' title='bbox 1359 1779 1430 1834; x_wconf 83' lang='lat' dir='ltr'><strong>et</strong></span> <span class='ocrx_word' id='word_1_85' title='bbox 1461 1789 1604 1834; x_wconf 87' lang='lat' dir='ltr'><strong>non</strong></span> <span class='ocrx_word' id='word_1_86' title='bbox 1640 1781 1964 1862; x_wconf 86' lang='lat' dir='ltr'><strong>quantum</strong></span> <span class='ocrx_word' id='word_1_87' title='bbox 1993 1766 2338 1862; x_wconf 79' lang='lat' dir='ltr'><strong>cupiditas</strong></span> <span class='ocrx_word' id='word_1_88' title='bbox 2365 1795 2572 1864; x_wconf 80' lang='lat' dir='ltr'><strong>expe-</strong></span> 
     </span>
     <span class='ocr_line' id='line_1_13' title="bbox 408 1883 2569 1980; baseline -0 -24"><span class='ocrx_word' id='word_1_89' title='bbox 408 1903 533 1956; x_wconf 84' lang='lat' dir='ltr'><strong>tat.</strong></span> <span class='ocrx_word' id='word_1_90' title='bbox 570 1888 643 1956; x_wconf 94' lang='lat' dir='ltr'><strong>Si</strong></span> <span class='ocrx_word' id='word_1_91' title='bbox 676 1887 1035 1955; x_wconf 87' lang='lat' dir='ltr'><strong>continens</strong></span> <span class='ocrx_word' id='word_1_92' title='bbox 1070 1884 1281 1952; x_wconf 84' lang='lat' dir='ltr'><strong>fueris</strong></span> <span class='ocrx_word' id='word_1_93' title='bbox 1302 1931 1325 1967; x_wconf 86' lang='lat'>,</span> <span class='ocrx_word' id='word_1_94' title='bbox 1365 1905 1446 1949; x_wconf 90' lang='lat' dir='ltr'><strong>eo</strong></span> <span class='ocrx_word' id='word_1_95' title='bbox 1480 1905 1698 1973; x_wconf 89' lang='lat' dir='ltr'><strong>usque</strong></span> <span class='ocrx_word' id='word_1_96' title='bbox 1727 1883 2086 1975; x_wconf 84' lang='lat' dir='ltr'><strong>pervenies</strong></span> <span class='ocrx_word' id='word_1_97' title='bbox 2105 1929 2132 1970; x_wconf 89' lang='lat'>‚</span> <span class='ocrx_word' id='word_1_98' title='bbox 2181 1901 2260 1953; x_wconf 88' lang='lat' dir='ltr'><strong>ut</strong></span> <span class='ocrx_word' id='word_1_99' title='bbox 2307 1901 2378 1954; x_wconf 84' lang='lat' dir='ltr'><strong>te</strong></span> <span class='ocrx_word' id='word_1_100' title='bbox 2417 1888 2436 1952; x_wconf 93' lang='lat' dir='ltr'><strong>i</strong></span> <span class='ocrx_word' id='word_1_101' title='bbox 2445 1911 2569 1980; x_wconf 86' lang='lat' dir='ltr'><strong>pso</strong></span> 
     </span>
     <span class='ocr_line' id='line_1_14' title="bbox 406 1997 2570 2092; baseline -0.001 -19"><span class='ocrx_word' id='word_1_102' title='bbox 406 2017 765 2074; x_wconf 86' lang='lat' dir='ltr'><strong>contentus</strong></span> <span class='ocrx_word' id='word_1_103' title='bbox 819 2002 939 2070; x_wconf 87' lang='lat' dir='ltr'><strong>sis.</strong></span> <span class='ocrx_word' id='word_1_104' title='bbox 991 2001 1165 2069; x_wconf 84' lang='lat' dir='ltr'><strong>Nam</strong></span> <span class='ocrx_word' id='word_1_105' title='bbox 1210 1999 1331 2091; x_wconf 91' lang='lat' dir='ltr'><strong>qui</strong></span> <span class='ocrx_word' id='word_1_106' title='bbox 1379 1997 1514 2066; x_wconf 90' lang='lat' dir='ltr'><strong>sibi</strong></span> <span class='ocrx_word' id='word_1_107' title='bbox 1552 1999 1682 2092; x_wconf 90' lang='lat' dir='ltr'><strong>ipsi</strong></span> <span class='ocrx_word' id='word_1_108' title='bbox 1718 2000 1879 2069; x_wconf 89' lang='lat' dir='ltr'><strong>satis</strong></span> <span class='ocrx_word' id='word_1_109' title='bbox 1915 2014 2020 2067; x_wconf 90' lang='lat' dir='ltr'><strong>est</strong></span> <span class='ocrx_word' id='word_1_110' title='bbox 2041 2049 2062 2080; x_wconf 89' lang='lat'>,</span> <span class='ocrx_word' id='word_1_111' title='bbox 2105 2025 2262 2070; x_wconf 87' lang='lat' dir='ltr'><strong>cum</strong></span> <span class='ocrx_word' id='word_1_112' title='bbox 2303 2001 2570 2071; x_wconf 78' lang='lat' dir='ltr'><strong>divitiis</strong></span> 
     </span>
     <span class='ocr_line' id='line_1_15' title="bbox 410 2101 2565 2208; baseline 0 -20"><span class='ocrx_word' id='word_1_113' title='bbox 410 2134 611 2188; x_wconf 84' lang='lat' dir='ltr'><strong>natus</strong></span> <span class='ocrx_word' id='word_1_114' title='bbox 636 2132 762 2185; x_wconf 88' lang='lat' dir='ltr'><strong>est.</strong></span> <span class='ocrx_word' id='word_1_115' title='bbox 786 2118 1067 2208; x_wconf 86' lang='lat' dir='ltr'><strong>Impone</strong></span> <span class='ocrx_word' id='word_1_116' title='bbox 1092 2101 1656 2206; x_wconf 67' lang='lat' dir='ltr'><strong>concupiscentiae</strong></span> <span class='ocrx_word' id='word_1_117' title='bbox 1682 2129 1813 2184; x_wconf 79' lang='lat' dir='ltr'><strong>tuoe</strong></span> <span class='ocrx_word' id='word_1_118' title='bbox 1837 2115 2117 2184; x_wconf 80' lang='lat' dir='ltr'><strong>fraenum</strong></span> <span class='ocrx_word' id='word_1_119' title='bbox 2145 2133 2214 2185; x_wconf 89' lang='lat' dir='ltr'><strong>et</strong></span> <span class='ocrx_word' id='word_1_120' title='bbox 2241 2119 2524 2189; x_wconf 89' lang='lat' dir='ltr'><strong>modum</strong></span> <span class='ocrx_word' id='word_1_121' title='bbox 2547 2173 2565 2204; x_wconf 89' lang='lat'><strong>,</strong></span> 
     </span>
     <span class='ocr_line' id='line_1_16' title="bbox 410 2227 2566 2328; baseline 0 -23"><span class='ocrx_word' id='word_1_122' title='bbox 410 2235 773 2328; x_wconf 83' lang='lat' dir='ltr'><strong>omniaque</strong></span> <span class='ocrx_word' id='word_1_123' title='bbox 800 2228 1265 2301; x_wconf 88' lang='lat' dir='ltr'><strong>blandimenta</strong></span> <span class='ocrx_word' id='word_1_124' title='bbox 1284 2227 1442 2322; x_wconf 58' lang='lat' dir='ltr'><strong>quae&#39;</strong></span> <span class='ocrx_word' id='word_1_125' title='bbox 1456 2229 1785 2299; x_wconf 88' lang='lat' dir='ltr'><strong>occultam</strong></span> <span class='ocrx_word' id='word_1_126' title='bbox 1808 2233 2214 2326; x_wconf 84' lang='lat' dir='ltr'><strong>voluptatem</strong></span> <span class='ocrx_word' id='word_1_127' title='bbox 2245 2237 2566 2323; x_wconf 84' lang='lat' dir='ltr'><strong>trahunt,</strong></span> 
     </span>
     <span class='ocr_line' id='line_1_17' title="bbox 408 2342 2570 2445; baseline 0 -24"><span class='ocrx_word' id='word_1_128' title='bbox 408 2352 645 2445; x_wconf 82' lang='lat' dir='ltr'><strong>rejice.</strong></span> <span class='ocrx_word' id='word_1_129' title='bbox 688 2350 832 2419; x_wconf 89' lang='lat' dir='ltr'><strong>Ede</strong></span> <span class='ocrx_word' id='word_1_130' title='bbox 868 2352 1037 2417; x_wconf 87' lang='lat' dir='ltr'><strong>citra</strong></span> <span class='ocrx_word' id='word_1_131' title='bbox 1073 2345 1513 2430; x_wconf 85' lang='lat' dir='ltr'><strong>cruditatem,</strong></span> <span class='ocrx_word' id='word_1_132' title='bbox 1553 2342 1714 2415; x_wconf 88' lang='lat' dir='ltr'><strong>bibe</strong></span> <span class='ocrx_word' id='word_1_133' title='bbox 1747 2349 1918 2416; x_wconf 90' lang='lat' dir='ltr'><strong>citra</strong></span> <span class='ocrx_word' id='word_1_134' title='bbox 1947 2349 2378 2419; x_wconf 86' lang='lat' dir='ltr'><strong>ebrietatem.</strong></span> <span class='ocrx_word' id='word_1_135' title='bbox 2419 2354 2570 2423; x_wconf 88' lang='lat' dir='ltr'><strong>Ob-</strong></span> 
     </span>
     <span class='ocr_line' id='line_1_18' title="bbox 411 2460 2560 2555; baseline 0 -21"><span class='ocrx_word' id='word_1_136' title='bbox 411 2490 606 2537; x_wconf 77' lang='lat' dir='ltr'><strong>serva</strong></span> <span class='ocrx_word' id='word_1_137' title='bbox 642 2489 730 2534; x_wconf 91' lang='lat' dir='ltr'><strong>ne</strong></span> <span class='ocrx_word' id='word_1_138' title='bbox 762 2467 836 2533; x_wconf 90' lang='lat' dir='ltr'><strong>in</strong></span> <span class='ocrx_word' id='word_1_139' title='bbox 872 2464 1219 2543; x_wconf 77' lang='lat' dir='ltr'><strong>convivi0‚</strong></span> <span class='ocrx_word' id='word_1_140' title='bbox 1262 2462 1483 2529; x_wconf 86' lang='lat' dir='ltr'><strong>autin</strong></span> <span class='ocrx_word' id='word_1_141' title='bbox 1511 2460 1814 2555; x_wconf 88' lang='lat' dir='ltr'><strong>qualibet</strong></span> <span class='ocrx_word' id='word_1_142' title='bbox 1839 2464 1992 2533; x_wconf 81' lang='lat' dir='ltr'><strong>vitae</strong></span> <span class='ocrx_word' id='word_1_143' title='bbox 2023 2468 2520 2535; x_wconf 79' lang='lat' dir='ltr'><strong>communitate</strong></span> <span class='ocrx_word' id='word_1_144' title='bbox 2543 2520 2560 2545; x_wconf 85' lang='lat'>‚</span> 
     </span>
     <span class='ocr_line' id='line_1_19' title="bbox 409 2575 2566 2675; baseline 0 -24"><span class='ocrx_word' id='word_1_145' title='bbox 409 2608 581 2675; x_wconf 89' lang='lat' dir='ltr'><strong>quos</strong></span> <span class='ocrx_word' id='word_1_146' title='bbox 612 2606 751 2649; x_wconf 90' lang='lat' dir='ltr'><strong>non</strong></span> <span class='ocrx_word' id='word_1_147' title='bbox 788 2578 1163 2649; x_wconf 82' lang='lat' dir='ltr'><strong>imitaberis</strong></span> <span class='ocrx_word' id='word_1_148' title='bbox 1204 2575 1530 2645; x_wconf 86' lang='lat' dir='ltr'><strong>damnare</strong></span> <span class='ocrx_word' id='word_1_149' title='bbox 1569 2576 1897 2659; x_wconf 83' lang='lat' dir='ltr'><strong>videaris,</strong></span> <span class='ocrx_word' id='word_1_150' title='bbox 1941 2602 2073 2647; x_wconf 89' lang='lat' dir='ltr'><strong>nec</strong></span> <span class='ocrx_word' id='word_1_151' title='bbox 2111 2582 2566 2674; x_wconf 75' lang='lat' dir='ltr'><strong>praesentibus</strong></span> 
     </span>
     <span class='ocr_line' id='line_1_20' title="bbox 412 2691 2564 2777; baseline 0 -10"><span class='ocrx_word' id='word_1_152' title='bbox 412 2698 705 2767; x_wconf 89' lang='lat' dir='ltr'><strong>delictiis</strong></span> <span class='ocrx_word' id='word_1_153' title='bbox 740 2694 1107 2765; x_wconf 68' lang='lat' dir='ltr'><strong>inhaerebis</strong></span> <span class='ocrx_word' id='word_1_154' title='bbox 1126 2742 1147 2777; x_wconf 87' lang='lat'><strong>,</strong></span> <span class='ocrx_word' id='word_1_155' title='bbox 1180 2718 1309 2762; x_wconf 92' lang='lat' dir='ltr'><strong>nec</strong></span> <span class='ocrx_word' id='word_1_156' title='bbox 1336 2691 1756 2761; x_wconf 85' lang='lat' dir='ltr'><strong>desiderabis</strong></span> <span class='ocrx_word' id='word_1_157' title='bbox 1787 2693 2124 2765; x_wconf 86' lang='lat' dir='ltr'><strong>absentes.</strong></span> <span class='ocrx_word' id='word_1_158' title='bbox 2161 2698 2406 2767; x_wconf 81' lang='lat' dir='ltr'><strong>Victus</strong></span> <span class='ocrx_word' id='word_1_159' title='bbox 2439 2702 2564 2769; x_wconf 85' lang='lat' dir='ltr'><strong>tibi</strong></span> 
     </span>
     <span class='ocr_line' id='line_1_21' title="bbox 411 2805 2560 2899; baseline 0 -19"><span class='ocrx_word' id='word_1_160' title='bbox 411 2836 495 2880; x_wconf 87' lang='lat' dir='ltr'><strong>ex</strong></span> <span class='ocrx_word' id='word_1_161' title='bbox 534 2809 715 2880; x_wconf 83' lang='lat' dir='ltr'><strong>facili</strong></span> <span class='ocrx_word' id='word_1_162' title='bbox 764 2811 893 2895; x_wconf 79' lang='lat' dir='ltr'><strong>sit3</strong></span> <span class='ocrx_word' id='word_1_163' title='bbox 935 2832 1065 2877; x_wconf 92' lang='lat' dir='ltr'><strong>nec</strong></span> <span class='ocrx_word' id='word_1_164' title='bbox 1105 2806 1195 2876; x_wconf 88' lang='lat' dir='ltr'><strong>ad</strong></span> <span class='ocrx_word' id='word_1_165' title='bbox 1237 2807 1649 2899; x_wconf 81' lang='lat' dir='ltr'><strong>voluptatem</strong></span> <span class='ocrx_word' id='word_1_166' title='bbox 1671 2856 1694 2893; x_wconf 85' lang='lat'><strong><em>,</em></strong></span> <span class='ocrx_word' id='word_1_167' title='bbox 1732 2805 1855 2876; x_wconf 91' lang='lat' dir='ltr'><strong>sed</strong></span> <span class='ocrx_word' id='word_1_168' title='bbox 1891 2807 1978 2877; x_wconf 87' lang='lat' dir='ltr'><strong>ad</strong></span> <span class='ocrx_word' id='word_1_169' title='bbox 2012 2810 2244 2879; x_wconf 88' lang='lat' dir='ltr'><strong>cibum</strong></span> <span class='ocrx_word' id='word_1_170' title='bbox 2273 2812 2560 2883; x_wconf 73' lang='lat' dir='ltr'><strong>accede.</strong></span> 
     </span>
     <span class='ocr_line' id='line_1_22' title="bbox 410 2922 2570 3017; baseline -0.001 -20"><span class='ocrx_word' id='word_1_171' title='bbox 410 2926 713 2997; x_wconf 87' lang='lat' dir='ltr'><strong>Palatum</strong></span> <span class='ocrx_word' id='word_1_172' title='bbox 751 2939 943 2993; x_wconf 86' lang='lat' dir='ltr'><strong>tuum</strong></span> <span class='ocrx_word' id='word_1_173' title='bbox 973 2924 1181 2992; x_wconf 84' lang='lat' dir='ltr'><strong>fames</strong></span> <span class='ocrx_word' id='word_1_174' title='bbox 1209 2922 1501 3005; x_wconf 87' lang='lat' dir='ltr'><strong>excitet,</strong></span> <span class='ocrx_word' id='word_1_175' title='bbox 1542 2945 1682 2991; x_wconf 88' lang='lat' dir='ltr'><strong>non</strong></span> <span class='ocrx_word' id='word_1_176' title='bbox 1719 2946 2017 3017; x_wconf 89' lang='lat' dir='ltr'><strong>sapores.</strong></span> <span class='ocrx_word' id='word_1_177' title='bbox 2057 2924 2423 2996; x_wconf 87' lang='lat' dir='ltr'><strong>Desideria</strong></span> <span class='ocrx_word' id='word_1_178' title='bbox 2453 2946 2570 2997; x_wconf 85' lang='lat' dir='ltr'><strong>tua</strong></span> 
     </span>
     <span class='ocr_line' id='line_1_23' title="bbox 408 3038 2568 3139; baseline 0 -26"><span class='ocrx_word' id='word_1_179' title='bbox 408 3068 620 3139; x_wconf 83' lang='lat' dir='ltr'><strong>parvo</strong></span> <span class='ocrx_word' id='word_1_180' title='bbox 655 3040 913 3111; x_wconf 86' lang='lat' dir='ltr'><strong>redime</strong></span> <span class='ocrx_word' id='word_1_181' title='bbox 935 3090 955 3123; x_wconf 89' lang='lat'>‚</span> <span class='ocrx_word' id='word_1_182' title='bbox 998 3041 1163 3133; x_wconf 88' lang='lat' dir='ltr'><strong>quia</strong></span> <span class='ocrx_word' id='word_1_183' title='bbox 1212 3038 1346 3107; x_wconf 87' lang='lat' dir='ltr'><strong>hoc</strong></span> <span class='ocrx_word' id='word_1_184' title='bbox 1387 3054 1646 3107; x_wconf 87' lang='lat' dir='ltr'><strong>tantum</strong></span> <span class='ocrx_word' id='word_1_185' title='bbox 1693 3062 1934 3109; x_wconf 90' lang='lat' dir='ltr'><strong>curare</strong></span> <span class='ocrx_word' id='word_1_186' title='bbox 1973 3040 2180 3111; x_wconf 88' lang='lat' dir='ltr'><strong>debes</strong></span> <span class='ocrx_word' id='word_1_187' title='bbox 2199 3092 2220 3123; x_wconf 92' lang='lat'>‚</span> <span class='ocrx_word' id='word_1_188' title='bbox 2260 3058 2342 3111; x_wconf 91' lang='lat' dir='ltr'><strong>ut</strong></span> <span class='ocrx_word' id='word_1_189' title='bbox 2379 3043 2568 3114; x_wconf 81' lang='lat' dir='ltr'><strong>desi-</strong></span> 
     </span>
     <span class='ocr_line' id='line_1_24' title="bbox 412 3152 2566 3251; baseline 0 -21"><span class='ocrx_word' id='word_1_190' title='bbox 412 3176 580 3231; x_wconf 87' lang='lat' dir='ltr'><strong>nant</strong></span> <span class='ocrx_word' id='word_1_191' title='bbox 600 3209 623 3246; x_wconf 85' lang='lat'><strong><em>,</em></strong></span> <span class='ocrx_word' id='word_1_192' title='bbox 664 3160 869 3251; x_wconf 78' lang='lat' dir='ltr'><strong>atque</strong></span> <span class='ocrx_word' id='word_1_193' title='bbox 920 3156 1113 3249; x_wconf 85' lang='lat' dir='ltr'><strong>quasi</strong></span> <span class='ocrx_word' id='word_1_194' title='bbox 1170 3152 1259 3223; x_wconf 85' lang='lat' dir='ltr'><strong>ad</strong></span> <span class='ocrx_word' id='word_1_195' title='bbox 1310 3153 1654 3249; x_wconf 88' lang='lat' dir='ltr'><strong>exemplar</strong></span> <span class='ocrx_word' id='word_1_196' title='bbox 1685 3156 2090 3249; x_wconf 87' lang='lat' dir='ltr'><strong>compositus</strong></span> <span class='ocrx_word' id='word_1_197' title='bbox 2123 3155 2442 3229; x_wconf 84' lang='lat' dir='ltr'><strong>divinum</strong></span> <span class='ocrx_word' id='word_1_198' title='bbox 2469 3212 2492 3243; x_wconf 87' lang='lat'>‚</span> <span class='ocrx_word' id='word_1_199' title='bbox 2529 3187 2566 3229; x_wconf 88' lang='lat' dir='ltr'><strong>a</strong></span> 
     </span>
     <span class='ocr_line' id='line_1_25' title="bbox 414 3268 2566 3369; baseline 0 -26"><span class='ocrx_word' id='word_1_200' title='bbox 414 3298 699 3369; x_wconf 85' lang='lat' dir='ltr'><strong>corpore</strong></span> <span class='ocrx_word' id='word_1_201' title='bbox 724 3273 815 3341; x_wconf 89' lang='lat' dir='ltr'><strong>ad</strong></span> <span class='ocrx_word' id='word_1_202' title='bbox 850 3272 1165 3367; x_wconf 89' lang='lat' dir='ltr'><strong>spiritum</strong></span> <span class='ocrx_word' id='word_1_203' title='bbox 1196 3286 1526 3363; x_wconf 88' lang='lat' dir='ltr'><strong>quantum</strong></span> <span class='ocrx_word' id='word_1_204' title='bbox 1562 3286 1755 3365; x_wconf 89' lang='lat' dir='ltr'><strong>potes</strong></span> <span class='ocrx_word' id='word_1_205' title='bbox 1783 3268 1914 3366; x_wconf 82' lang='lat' dir='ltr'><strong>(al.</strong></span> <span class='ocrx_word' id='word_1_206' title='bbox 1940 3276 2190 3365; x_wconf 87' lang='lat' dir='ltr'><strong>potest)</strong></span> <span class='ocrx_word' id='word_1_207' title='bbox 2215 3290 2286 3342; x_wconf 90' lang='lat' dir='ltr'><strong>te</strong></span> <span class='ocrx_word' id='word_1_208' title='bbox 2311 3276 2566 3345; x_wconf 80' lang='lat' dir='ltr'><strong>festina</strong></span> 
     </span>
     <span class='ocr_line' id='line_1_26' title="bbox 413 3384 2570 3483; baseline 0 -23"><span class='ocrx_word' id='word_1_209' title='bbox 413 3390 767 3460; x_wconf 89' lang='lat' dir='ltr'><strong>reducere.</strong></span> <span class='ocrx_word' id='word_1_210' title='bbox 801 3389 871 3459; x_wconf 91' lang='lat' dir='ltr'><strong>Si</strong></span> <span class='ocrx_word' id='word_1_211' title='bbox 910 3388 1354 3483; x_wconf 71' lang='lat' dir='ltr'><strong>continentias</strong></span> <span class='ocrx_word' id='word_1_212' title='bbox 1381 3384 1640 3473; x_wconf 86' lang='lat' dir='ltr'><strong>studes,</strong></span> <span class='ocrx_word' id='word_1_213' title='bbox 1673 3387 1908 3457; x_wconf 87' lang='lat' dir='ltr'><strong>habita</strong></span> <span class='ocrx_word' id='word_1_214' title='bbox 1931 3414 2071 3458; x_wconf 89' lang='lat' dir='ltr'><strong>non</strong></span> <span class='ocrx_word' id='word_1_215' title='bbox 2095 3414 2368 3460; x_wconf 82' lang='lat' dir='ltr'><strong>amoene</strong></span> <span class='ocrx_word' id='word_1_216' title='bbox 2395 3446 2416 3475; x_wconf 88' lang='lat'>,</span> <span class='ocrx_word' id='word_1_217' title='bbox 2449 3394 2570 3462; x_wconf 83' lang='lat' dir='ltr'><strong>sed</strong></span> 
     </span>
     <span class='ocr_line' id='line_1_27' title="bbox 416 3502 2568 3592; baseline 0.001 -17"><span class='ocrx_word' id='word_1_218' title='bbox 416 3506 807 3587; x_wconf 85' lang='lat' dir='ltr'><strong>salubriter,</strong></span> <span class='ocrx_word' id='word_1_219' title='bbox 832 3528 963 3573; x_wconf 90' lang='lat' dir='ltr'><strong>nec</strong></span> <span class='ocrx_word' id='word_1_220' title='bbox 982 3502 1332 3572; x_wconf 86' lang='lat' dir='ltr'><strong>dominum</strong></span> <span class='ocrx_word' id='word_1_221' title='bbox 1359 3526 1506 3571; x_wconf 87' lang='lat' dir='ltr'><strong>esse</strong></span> <span class='ocrx_word' id='word_1_222' title='bbox 1524 3504 1696 3572; x_wconf 83' lang='lat' dir='ltr'><strong>velis</strong></span> <span class='ocrx_word' id='word_1_223' title='bbox 1721 3520 1954 3572; x_wconf 89' lang='lat' dir='ltr'><strong>notum</strong></span> <span class='ocrx_word' id='word_1_224' title='bbox 1978 3530 2020 3573; x_wconf 89' lang='lat' dir='ltr'><strong>a</strong></span> <span class='ocrx_word' id='word_1_225' title='bbox 2043 3505 2278 3592; x_wconf 85' lang='lat' dir='ltr'><strong>domo,</strong></span> <span class='ocrx_word' id='word_1_226' title='bbox 2303 3507 2438 3575; x_wconf 84' lang='lat' dir='ltr'><strong>sed</strong></span> <span class='ocrx_word' id='word_1_227' title='bbox 2455 3510 2568 3577; x_wconf 90' lang='lat' dir='ltr'><strong>do-</strong></span> 
     </span>
     <span class='ocr_line' id='line_1_28' title="bbox 410 3615 2568 3718; baseline 0 -25"><span class='ocrx_word' id='word_1_228' title='bbox 410 3646 599 3693; x_wconf 83' lang='lat' dir='ltr'><strong>mum</strong></span> <span class='ocrx_word' id='word_1_229' title='bbox 618 3645 659 3688; x_wconf 91' lang='lat' dir='ltr'><strong>a</strong></span> <span class='ocrx_word' id='word_1_230' title='bbox 678 3618 983 3689; x_wconf 77' lang='lat' dir='ltr'><strong>domiuo·</strong></span> <span class='ocrx_word' id='word_1_231' title='bbox 1002 3620 1155 3687; x_wconf 90' lang='lat' dir='ltr'><strong>Non</strong></span> <span class='ocrx_word' id='word_1_232' title='bbox 1177 3615 1300 3684; x_wconf 91' lang='lat' dir='ltr'><strong>tibi</strong></span> <span class='ocrx_word' id='word_1_233' title='bbox 1314 3616 1668 3686; x_wconf 80' lang='lat' dir='ltr'><strong>adscribas</strong></span> <span class='ocrx_word' id='word_1_234' title='bbox 1685 3617 1872 3711; x_wconf 87' lang='lat' dir='ltr'><strong>quod</strong></span> <span class='ocrx_word' id='word_1_235' title='bbox 1891 3644 2025 3687; x_wconf 86' lang='lat' dir='ltr'><strong>non</strong></span> <span class='ocrx_word' id='word_1_236' title='bbox 2045 3622 2204 3705; x_wconf 88' lang='lat' dir='ltr'><strong>eris,</strong></span> <span class='ocrx_word' id='word_1_237' title='bbox 2223 3644 2362 3691; x_wconf 87' lang='lat' dir='ltr'><strong>nec</strong></span> <span class='ocrx_word' id='word_1_238' title='bbox 2379 3626 2568 3718; x_wconf 87' lang='lat' dir='ltr'><strong>quod</strong></span> 
     </span>
     <span class='ocr_line' id='line_1_29' title="bbox 412 3731 2562 3828; baseline 0 -19"><span class='ocrx_word' id='word_1_239' title='bbox 412 3764 512 3821; x_wconf 85' lang='lat' dir='ltr'><strong>es,</strong></span> <span class='ocrx_word' id='word_1_240' title='bbox 546 3760 683 3806; x_wconf 82' lang='lat' dir='ltr'><strong>nec</strong></span> <span class='ocrx_word' id='word_1_241' title='bbox 714 3733 933 3828; x_wconf 87' lang='lat' dir='ltr'><strong>majus</strong></span> <span class='ocrx_word' id='word_1_242' title='bbox 960 3756 1165 3826; x_wconf 86' lang='lat' dir='ltr'><strong>quam</strong></span> <span class='ocrx_word' id='word_1_243' title='bbox 1190 3755 1262 3801; x_wconf 90' lang='lat' dir='ltr'><strong>es</strong></span> <span class='ocrx_word' id='word_1_244' title='bbox 1300 3731 1526 3801; x_wconf 79' lang='lat' dir='ltr'><strong>videri</strong></span> <span class='ocrx_word' id='word_1_245' title='bbox 1552 3734 1747 3803; x_wconf 81' lang='lat' dir='ltr'><strong>velis.</strong></span> <span class='ocrx_word' id='word_1_246' title='bbox 1793 3736 1942 3803; x_wconf 91' lang='lat' dir='ltr'><strong>Hoc</strong></span> <span class='ocrx_word' id='word_1_247' title='bbox 1967 3738 2184 3828; x_wconf 84' lang='lat' dir='ltr'><strong>majus</strong></span> <span class='ocrx_word' id='word_1_248' title='bbox 2224 3738 2516 3809; x_wconf 67' lang='lat' dir='ltr'><strong>observa</strong></span> <span class='ocrx_word' id='word_1_249' title='bbox 2542 3790 2562 3823; x_wconf 88' lang='lat'>,</span> 
     </span>
     <span class='ocr_line' id='line_1_30' title="bbox 410 3846 2562 3949; baseline 0 -23"><span class='ocrx_word' id='word_1_250' title='bbox 410 3880 543 3927; x_wconf 84' lang='lat' dir='ltr'><strong>nec</strong></span> <span class='ocrx_word' id='word_1_251' title='bbox 568 3868 930 3949; x_wconf 86' lang='lat' dir='ltr'><strong>paupertas</strong></span> <span class='ocrx_word' id='word_1_252' title='bbox 952 3852 1079 3921; x_wconf 83' lang='lat' dir='ltr'><strong>tibi</strong></span> <span class='ocrx_word' id='word_1_253' title='bbox 1106 3846 1456 3920; x_wconf 87' lang='lat' dir='ltr'><strong>immunda</strong></span> <span class='ocrx_word' id='word_1_254' title='bbox 1479 3852 1565 3919; x_wconf 89' lang='lat' dir='ltr'><strong>sit</strong></span> <span class='ocrx_word' id='word_1_255' title='bbox 1588 3900 1607 3934; x_wconf 90' lang='lat'>,</span> <span class='ocrx_word' id='word_1_256' title='bbox 1638 3875 1768 3920; x_wconf 90' lang='lat' dir='ltr'><strong>nec</strong></span> <span class='ocrx_word' id='word_1_257' title='bbox 1797 3854 2208 3947; x_wconf 85' lang='lat' dir='ltr'><strong>parsimonia</strong></span> <span class='ocrx_word' id='word_1_258' title='bbox 2236 3854 2520 3926; x_wconf 86' lang='lat' dir='ltr'><strong>sordida</strong></span> <span class='ocrx_word' id='word_1_259' title='bbox 2543 3910 2562 3939; x_wconf 76' lang='grc'><em>,</em></span> 
     </span>
     <span class='ocr_line' id='line_1_31' title="bbox 414 3968 2564 4066; baseline -0.001 -24"><span class='ocrx_word' id='word_1_260' title='bbox 414 3996 543 4042; x_wconf 86' lang='lat' dir='ltr'><strong>nec</strong></span> <span class='ocrx_word' id='word_1_261' title='bbox 568 3970 962 4066; x_wconf 86' lang='lat' dir='ltr'><strong>simplicitas</strong></span> <span class='ocrx_word' id='word_1_262' title='bbox 994 3968 1308 4063; x_wconf 82' lang='lat' dir='ltr'><strong>neglecta</strong></span> <span class='ocrx_word' id='word_1_263' title='bbox 1328 4018 1352 4055; x_wconf 84' lang='lat'><strong>,</strong></span> <span class='ocrx_word' id='word_1_264' title='bbox 1391 3991 1520 4036; x_wconf 85' lang='lat' dir='ltr'><strong>uec</strong></span> <span class='ocrx_word' id='word_1_265' title='bbox 1552 3968 1794 4037; x_wconf 85' lang='lat' dir='ltr'><strong>lenitas</strong></span> <span class='ocrx_word' id='word_1_266' title='bbox 1834 3968 2158 4064; x_wconf 77' lang='lat' dir='ltr'><strong>languida</strong></span> <span class='ocrx_word' id='word_1_267' title='bbox 2191 3996 2210 4039; x_wconf 73' lang='lat' dir='ltr'><strong>t</strong></span> <span class='ocrx_word' id='word_1_268' title='bbox 2243 3986 2312 4039; x_wconf 86' lang='lat' dir='ltr'><strong>et</strong></span> <span class='ocrx_word' id='word_1_269' title='bbox 2349 3974 2414 4040; x_wconf 88' lang='lat' dir='ltr'><strong>si</strong></span> <span class='ocrx_word' id='word_1_270' title='bbox 2438 3974 2564 4041; x_wconf 86' lang='lat' dir='ltr'><strong>tibi</strong></span> 
     </span>
     <span class='ocr_line' id='line_1_32' title="bbox 410 4084 2564 4179; baseline 0.001 -23"><span class='ocrx_word' id='word_1_271' title='bbox 410 4110 526 4156; x_wconf 79' lang='lat' dir='ltr'><strong>res</strong></span> <span class='ocrx_word' id='word_1_272' title='bbox 544 4088 803 4179; x_wconf 78' lang='lat' dir='ltr'><strong>exiguae</strong></span> <span class='ocrx_word' id='word_1_273' title='bbox 830 4100 985 4155; x_wconf 88' lang='lat' dir='ltr'><strong>sunt</strong></span> <span class='ocrx_word' id='word_1_274' title='bbox 1002 4134 1022 4171; x_wconf 87' lang='lat'>‚</span> <span class='ocrx_word' id='word_1_275' title='bbox 1048 4107 1189 4155; x_wconf 89' lang='lat' dir='ltr'><strong>non</strong></span> <span class='ocrx_word' id='word_1_276' title='bbox 1214 4100 1440 4157; x_wconf 86' lang='lat' dir='ltr'><strong>tamen</strong></span> <span class='ocrx_word' id='word_1_277' title='bbox 1467 4084 1602 4155; x_wconf 86' lang='lat' dir='ltr'><strong>sint</strong></span> <span class='ocrx_word' id='word_1_278' title='bbox 1621 4100 1945 4177; x_wconf 76' lang='lat' dir='ltr'><strong>augustae.</strong></span> <span class='ocrx_word' id='word_1_279' title='bbox 1970 4086 2115 4156; x_wconf 88' lang='lat' dir='ltr'><strong>Nec</strong></span> <span class='ocrx_word' id='word_1_280' title='bbox 2141 4102 2256 4157; x_wconf 87' lang='lat' dir='ltr'><strong>tua</strong></span> <span class='ocrx_word' id='word_1_281' title='bbox 2277 4085 2564 4170; x_wconf 72' lang='lat' dir='ltr'><strong>defleas,</strong></span> 
     </span>
    </p>
   </div>
  </div>
 </body>
</html>
