2667 4475
702 330 845 397 Ex
892 310 1246 397 Llssa'ls
1293 326 1749 399 SENECA-3.
2170 338 2300 431 397

256 490 289 529 ει
312 464 585 545 Sacros,
632 460 858 553 inquit
880 508 904 544 ,
948 458 1362 528 immortales
1383 510 1406 545 ,
1443 457 2006 554 inviolabilesque
2032 460 2194 533 deos
2225 469 2300 536 in

148 582 432 651 materia
440 580 768 649 vilissima
787 592 993 669 atque
1005 576 1333 645 immobili
1358 574 1703 646 dedicant.
1725 576 2020 649 Habitus
2038 579 2304 654 illisho·
2395 609 2451 711 L
2467 555 2533 637 ιβ

12 781 21 796 μ
158 702 447 785 minum,
482 698 917 788 ferarumque
938 742 959 777 ‚
988 708 1058 761 et
1085 694 1375 787 piscium
1397 744 1416 778 ,
1451 692 1730 787 quidam
1755 712 1921 765 vero
1955 698 2198 768 mixtos
2224 726 2308 771 ex

12 863 21 902 2
160 815 447 885 diversis
466 810 871 908 corporibus
890 808 1186 878 induunt
1206 814 1225 846 ¹
1241 862 1258 879 .
1283 812 1580 879 Numina
1604 824 1850 881 vocant
1869 862 1888 895 ‚
1921 837 2073 904 quae
2098 816 2157 884 si
2177 820 2310 912 spi-

156 935 301 1001 ritu
325 945 605 1024 accepto
640 928 865 998 subito
906 942 1348 997 occurrerent
1369 978 1393 1012 ,
1430 943 1730 997 monstra
1774 928 2221 1001 haberentur.
2261 960 2296 998 n

252 1045 523 1117 Deinde
536 1046 887 1143 aliquanto
898 1058 1075 1138 post,
1093 1064 1303 1139 quum
1315 1042 1728 1138 theologiam
1744 1046 2123 1116 naturalem
2139 1073 2309 1143 prae-

12 1189 21 1226 ε
156 1164 424 1247 dicans,
448 1161 892 1256 quorumdam
912 1159 1476 1255 philosophorum
1494 1164 1862 1232 sententias
1885 1162 2303 1258 digessisset3

14 1273 18 1282 ’
161 1280 483 1376 opposuit
508 1278 639 1348 sibi
660 1278 1135 1371 quaestionem,
1160 1294 1231 1346 et
1248 1278 1348 1347 ait
1374 1304 1389 1345 z
1420 1304 1454 1343 α
1472 1282 1618 1349 Hoc
1634 1277 1786 1348 loco
1805 1278 1988 1349 dicet
2013 1282 2262 1377 aliquis
2288 1312 2305 1351 z

156 1394 455 1467 Credam
471 1418 601 1488 ego
615 1394 849 1463 mlum
862 1409 931 1461 et
940 1406 1191 1481 terram
1204 1390 1366 1462 deos
1379 1416 1554 1480 esse,
1571 1410 1638 1463 et
1649 1418 1854 1489 supra
1865 1394 2095 1466 lunam
2111 1400 2308 1486 alios,

160 1516 333 1587 alios
376 1514 611 1583 infra?
640 1512 785 1605 Ego
818 1508 1029 1609 feram
1060 1526 1176 1580 aut
1201 1512 1553 1581 Platonem
1579 1563 1598 1596 ,
1639 1529 1760 1582 aut
1785 1516 2312 1610 Peripateticum

162 1632 549 1699 Stratonem
574 1676 595 1711 ‚
633 1646 923 1719 quorum
948 1624 1125 1693 alter
1152 1624 1313 1693 fecit
1342 1627 1561 1695 Deum
1599 1628 1747 1696 sine
1775 1651 2063 1723 corpore
2082 1681 2105 1716 ,
2142 1632 2321 1700 alter

165 1747 319 1815 sine
352 1745 581 1813 animo
610 1744 641 1810 Ρ
674 1770 708 1807 ι)
752 1746 839 1811 Et
872 1740 1125 1810 ad‘hoe
1159 1740 1584 1833 respondens
1609 1791 1629 1824 ,
1673 1767 1705 1805 α
1751 1740 1948 1835 Quid
1979 1742 2253 1815 tandem
2285 1746 2316 1815 Ρ

166 1864 397 1953 inquit
426 1880 449 1928 t
482 1840 753 1928 veriora
781 1858 907 1927 tibi
934 1855 1257 1927 videntur
1282 1852 1376 1927 Τ.
1411 1852 1645 1940 Tatii,
1693 1868 1812 1926 aut
1841 1859 2116 1931 Romuli
2144 1912 2163 1945 ,
2199 1878 2317 1933 aut

165 1974 363 2045 Tulli
412 1973 687 2042 ’Hostilii
736 1973 995 2040 somnia
1027 1968 1057 2039 ἱ)
1102 1972 1502 2041 Cluacinam
1551 1967 1639 2039 T.
1683 1966 1927 2042 Tatius
1978 1974 2320 2048 dedicavit

166 2092 365 2160 deam
383 2140 405 2177 ,
445 2092 685 2159 Picum
720 2088 1271 2183 Tiberinumque
1308 2086 1640 2157 Romulus
1660 2138 1682 2177 ,
1703 2090 2054 2161 ‘Hostilius
2097 2092 2319 2165 Pavo-

165 2232 315 2278 rem
338 2224 541 2302 atque
567 2207 903 2278 Pallorem
929 2258 948 2292 ,
982 2208 1366 2276 teterrimos
1392 2203 1743 2276 hominum
1770 2204 2052 2277 affectus
2089 2235 2105 2277 :
2139 2235 2322 2304 quo-

166 2353 325 2398 rum
360 2329 532 2396 alter
568 2328 815 2396 mentis
847 2326 1101 2395 territae
1151 2341 1372 2394 motus
1416 2340 1554 2408 est,
1603 2325 1781 2392 alter
1830 2328 2136 2420 corporis
2164 2379 2184 2412 ,
2228 2354 2318 2400 ne

166 2442 751 2537 morbus'quidem
777 2492 796 2524 ,
832 2442 953 2510 sed
980 2441 1169 2510 color
1196 2445 1251 2508 ².
1288 2443 1451 2508 Haec
1474 2443 1758 2508 numina
1789 2445 2016 2535 potius
2047 2445 2311 2529 credes,

164 2573 241 2626 et
274 2557 439 2626 caelo
478 2558 769 2651 recipies
794 2557 825 2626 i>
850 2583 885 2621 n
927 2557 1031 2626 De
1064 2553 1232 2651 ipsis
1266 2577 1429 2623 vero
1477 2554 1724 2623 ritibus
1759 2555 2132 2628 crudeliter
2177 2575 2322 2628 tur-

164 2674 421 2769 pibus,
460 2681 663 2768 q'uam
699 2671 919 2742 libere
953 2668 1265 2767 scripsit!
1312 2697 1346 2737 t<
1381 2669 1506 2742 Ille
1532 2722 1551 2755 ,
1593 2673 1820 2766 inquit
1845 2721 1864 2758 ‚
1905 2670 2140 2744 viriles
2191 2679 2322 2747 sibi

166 2807 401 2887 partes
422 2807 758 2886 amputat,
782 2790 901 2860 ille
919 2791 1205 2860 lacertos
1228 2803 1440 2859 secat.
1464 2790 1599 2860 Ubi
1625 2791 1836 2861 iratos
1853 2790 2016 2862 deos
2041 2796 2282 2866 timent
2297 2848 2318 2881 ,

164 2911 293 3002 qui
320 2911 421 2978 sie
445 2910 775 3004 propitios
806 2907 1063 2976 habere
1096 2922 1451 2976 merentur
1471 2899 1498 2942 ³
1526 2909 1556 2975 Ρ
1582 2907 1682 2974 dii
1707 2921 1934 2977 autem
1969 2911 2159 2980 nu'llo
2192 2913 2323 3008 ipsi

162 3021 427 3092 debent
451 3019 583 3092 coli
614 3045 866 3117 genere
898 3070 917 3103 ‚
960 3023 1029 3106 si¹
1044 3037 1115 3104 et
1146 3020 1277 3091 hoc
1302 3021 1568 3093 volunt.
1608 3023 1874 3094 Tantus
1915 3040 2016 3093 est
2039 3043 2344 3119 pertur-‚

164 3143 351 3211 batae
388 3141 641 3210 mentis
672 3153 745 3208 et
782 3137 1069 3207 sedibus·
1097 3139 1238 3209 suis
1270 3139 1486 3234 pulsae
1522 3140 1717 3209 furor
1739 3191 1763 3229 ,
1809 3157 1884 3210 ut
1914 3144 2014 3212 sic
2043 3143 2141 3212 dii
2176 3146 2326 3241 pla-

12 1603 21 1656 ἰ

244 3420 266 3456 ι
277 3438 290 3453 .
304 3401 543 3473 Qm’dnm
557 3423 679 3458 vem
696 3407 857 3457 mix-t.
876 3415 968 3456 etc.
978 3403 1195 3476 Lipsius,

162 3485 226 3536 in
261 3481 451 3534 Electis
485 3483 694 3535 scribit:
721 3483 857 3550 quid
889 3499 1004 3534 vere
1026 3485 1201 3533 mixto

160 3569 335 3614 sensu
369 3561 585 3614 diversis
619 3561 917 3630 corporibus
957 3561 1200 3612 induunt.

164 3635 324 3691 Libri
340 3648 531 3696 veteres
544 3677 559 3704 ,
581 3636 752 3708 inquit
772 3638 829 3691 in
849 3649 967 3690 nota
985 3678 999 3699 ‚
1025 3641 1203 3690 mia-to

164 3733 339 3769 sexu.
365 3714 520 3784 Quod
544 3715 682 3770 haud
708 3715 940 3790 improbo
956 3751 971 3778 ‚
1009 3715 1153 3786 quasi
1174 3735 1203 3767 e

166 3811 325 3846 mare
342 3804 391 3845 et
402 3794 609 3847 foemina
628 3795 891 3868 compositi
903 3793 1109 3865 quidam
1131 3793 1212 3847 di-

162 3872 224 3923 vi
262 3887 279 3922 τ
314 3883 371 3924 ut
400 3871 759 3927 Hermathenae
781 3913 795 3937 ,
836 3871 1217 3950 Hei-merocles..

162 3949 371 4005 Mixto
384 3967 537 4002 sensu
550 3961 722 4022 tumen
742 3953 1001 4024 praeseram
1014 3991 1029 4014 ,
1046 3961 1105 4002 ut
1120 3970 1205 4002 ve-

160 4029 235 4082 }it
256 4027 383 4080 deos
405 4029 643 4100 componi
665 4041 714 4082 et
732 4029 931 4082 misceri
955 4048 1012 4082 ex
1032 4027 1205 4080 homi-

160 4104 331 4159 nibus
346 4105 501 4159 simul
514 4107 731 4176 ferisque
750 4143 764 4174 ,
788 4119 837 4160 et
855 4105 1203 4161 animantibus

1297 3401 1479 3472 quibus
1514 3402 1698 3456 diversi
1737 3423 1925 3456 sensus.
1953 3401 2111 3473 Quod
2152 3405 2207 3459 in
2233 3405 2326 3481 pi·-

1298 3495 1438 3534 ctura
1463 3493 1513 3534 et
1543 3483 1720 3536 fictura
1751 3479 2042 3536 stultissime
2066 3497 2322 3558 receptum

1298 3557 1402 3612 illis
1428 3558 1632 3611 scimus.
1687 3621 1694 3627 ι
2143 3615 2150 3622 ,

1368 3661 1415 3692 2.
1450 3640 1692 3713 Quorum
1728 3641 1866 3696 alter
1904 3647 2090 3698 utentis
2134 3653 2325 3704 terrilae

1300 3729 1473 3773 motus
1489 3731 1596 3786 est,
1625 3717 1762 3774 alter
1781 3727 2011 3790 corporis
2039 3745 2057 3778 .-
2075 3744 2139 3776 ηε
2171 3745 2324 3780 mor—

1308 3799 1407 3849 bus
1429 3801 1637 3867 quidem
1653 3837 1668 3866 ,
1695 3801 1794 3852 sed
1819 3803 1971 3853 color.
2004 3800 2064 3852 Si
2084 3803 2329 3868 attendis,

1304 3876 1521 3928 omnino
1543 3895 1600 3928 ex
1621 3877 1845 3948 subjecta
1866 3877 2115 3930 sententia
2136 3919 2151 3946 ‚
2179 3893 2333 3933 utro—

1303 3952 1458 4024 bique
1495 3967 1582 4006 aut
1637 3965 1812 4008 motus
1856 3955 2214 4021 scribendum,
2245 3973 2332 4012 aut
2359 4013 2368 4024 ,

1303 4029 1532 4084 morbus.
1561 4033 1725 4101 Atque
1750 4027 1878 4085 illud
1904 4033 2083 4106 potius.

1370 4113 1420 4160 3.
1457 4107 1562 4164 Ubi
1582 4113 1746 4164 iratos
1757 4107 1903 4165 Deos
1925 4113 2135 4184 timent,
2150 4119 2246 4184 qua·
2261 4119 2335 4172 εἰσ
