2667 4475
443 302 938 379 Pnrsmla.
985 301 1489 377 s‘romon.
1538 301 1739 375 1213.
1786 304 1895 372 11.
2092 304 2235 401 ⁵69

81 453 320 535 ceptio,
371 463 441 511 ut
483 450 641 532 quod
667 450 1064 529 incorporeum
1108 449 1182 509 sit
1227 460 1286 507 et
1323 446 1577 509 intactile
1594 492 1613 523 ,
1659 446 1815 529 quod
1852 468 1961 507 nec
1999 447 2239 530 figuram

81 558 304 617 babeat
321 601 340 632 ,
366 578 558 637 neque
575 556 876 637 figuratum
900 555 1008 626 sit,
1034 552 1191 635 quod
1220 572 1413 635 neq-ue
1438 556 1692 636 patiatur
1710 575 1897 637 neque
1919 567 2049 637 agat
2066 597 2085 629 ‚
2108 567 2239 615 tan-

81 678 206 722 turn
237 682 458 744 corpus
488 662 780 743 suscipere
806 672 1004 741 aptum
1031 661 1128 721 sit.
1169 684 1199 715 υ
1236 659 1427 741 Atque
1464 660 1619 720 idem
1651 660 1748 721 ille
1776 662 1837 720 in
1864 657 2105 741 cycleae
2124 661 2241 721 suis

81 768 364 829 Theon'is
385 814 402 839 ‚
448 767 710 849 pluribus
740 766 910 827 docet
923 808 941 839 ‚
973 788 1174 829 revera
1203 762 1316 827 tale
1346 779 1508 829 extra
1536 767 1823 829 Mundum
1861 788 1985 828 esse
2016 790 2034 827 ε
2072 780 2241 850 atque

81 874 138 935 id
165 875 494 935 infinitum.

751 1024 1376 1089 'DISSERTATIO
1405 1028 1563 1090 VII.

81 1167 362 1253 Definitio
389 1171 616 1233 Mundi.
645 1168 936 1233 Civitatem
958 1172 1079 1241 dici
1095 1217 1112 1247 ‚
1137 1173 1377 1255 itemque
1401 1170 1695 1253 Templum
1722 1195 1739 1231 ε
1767 1192 1953 1255 eoeque
1972 1172 2241 1251 imagines

1006 1280 1330 1360 explic-ata.

164 1457 288 1519 Snn
338 1456 570 1517 nomina
613 1456 820 1517 Mundi
867 1456 1114 1517 vidimus
1162 1482 1179 1517 ε
1215 1479 1370 1517 nunc
1410 1458 1641 1538 ipsum3
1678 1468 1735 1515 et
1771 1442 2036 1537 quidest
2072 1457 2239 1515 tertia

81 1564 510 1647 significatione
551 1562 852 1623 Mundus?
905 1562 1258 1645 Chrysippus
1301 1558 1499 1645 (apud
1545 1559 1867 1643 Stoboeum)
1914 1560 2171 1620 definivit
2218 1582 2237 1617 =

81 1696 112 1723 κ
151 1668 444 1747 Mundum
478 1690 600 1729 esse
633 1690 966 1754 compagem
1003 1691 1036 1730 e
1058 1668 1192 1729 caelo
1218 1680 1274 1727 et
1297 1680 1449 1728 terra
1471 1712 1489 1741 ,
1520 1680 1578 1727 et
1601 1669 1819 1728 naturis
1840 1690 1963 1747 quae
1990 1665 2080 1725 his
2106 1688 2239 1725 con-

81 1776 367 1834 tinentur.
423 1774 534 1844 Vel
581 1776 744 1836 aliter
776 1800 792 1834 2
837 1776 1186 1859 Compagem
1224 1786 1686 1854 conventumque
1720 1795 1793 1833 ex
1826 1772 1936 1833 diis
1980 1771 2240 1831 homini-

81 1883 314 1965 busque
331 1924 348 1954 ,
383 1894 442 1941 et
483 1903 608 1963 quae
658 1878 861 1940 horum
893 1904 1064 1941 causa
1095 1893 1227 1941 sunt
1267 1880 1435 1941 facta.
1468 1907 1497 1933 ι»
1538 1879 1797 1961 Utraque
1826 1876 1947 1937 haec
1979 1878 2149 1938 etiam
2179 1878 2240 1936 in

81 1986 316 2045 Laertio
360 1984 599 2048 totidem
647 1986 836 2047 verbis
856 2031 878 2062 „
916 1986 1020 2046 sed
1061 1986 1367 2047 Posidonio
1402 1985 1824 2045 adscribuntur.
1875 1984 1945 2044 In
1990 1983 2242 2044 Eusebio

81 2095 248 2173 prior
265 2137 281 2168 ,
318 2094 488 2175 paulo
519 2070 752 2153 ulierius
777 2096 1009 2175 ponitur
1027 2092 1168 2179 (lib.
1201 2092 1361 2175 XV)
1385 2118 1402 2153 τ
1430 2121 1459 2149 κ
1490 2094 1805 2175 Compages
1826 2112 1861 2151 e
1881 2091 2015 2150 caelo
2032 2134 2049 2164 ,
2076 2112 2239 2164 aere,

81 2213 240 2259 terra
259 2243 278 2273 ‚
307 2199 451 2261 mari
475 2244 492 2273 ,
525 2201 857 2281 naturisque
889 2202 1188 2262 contentis.
1224 2226 1252 2252 n
1285 2200 1475 2280 Atque
1506 2198 1604 2256 ille
1632 2198 1787 2257 idem
1820 2198 2055 2258 alteram
2083 2196 2238 2256 illam

81 2305 354 2384 adjunxit
384 2329 401 2362 ε
437 2318 494 2364 et
519 2326 748 2364 causam
775 2307 1072 2386 utriusque
1104 2304 1375 2365 variantis
1405 2301 1566 2362 dedit
1593 2325 1610 2359 =
1649 2327 1677 2355 «ι
1707 2302 1868 2361 Sicut
1898 2301 2052 2359 enim
2076 2343 2093 2373 ‚
2143 2301 2240 2358 in-

81 2415 248 2494 quit,
287 2411 497 2470 Civitas
537 2408 839 2492 dupliciter
876 2411 1104 2484 dicitur,
1141 2421 1199 2469 et
1235 2409 1360 2488 ipsa
1396 2407 1563 2467 sedes
1596 2407 1718 2466 sive
1750 2405 2100 2465 domicilium
2128 2451 2144 2482 ‚
2180 2419 2239 2466 et

81 2538 296 2598 corpus
333 2513 649 2576 incolarum
693 2517 1018 2596 civiumque
1050 2537 1066 2572 ε
1103 2516 1183 2574 ita
1207 2512 1467 2574 Mundus
1494 2526 1769 2595 tanquam
1800 2512 2014 2571 Civitas
2042 2524 2128 2571 est
2150 2557 2167 2587 ,
2206 2535 2239 2572 e

81 2627 200 2685 diis
245 2613 686 2703 hominibusque⁴
727 2623 1030 2681 constituta
1067 2646 1082 2692 ;
1133 2622 1298 2699 cujus
1345 2621 1425 2680 dii
1472 2619 1709 2701 quidem
1758 2620 2143 2701 principatum
2184 2631 2242 2678 et

85 2729 345 2812 regimen
383 2726 599 2788 hahent
613 2771 630 2800 ,
662 2725 988 2788 hominibus
1017 2727 1306 2805 subjectis.
1345 2725 1821 2786 Communionem
1856 2737 2045 2787 autem
2087 2727 2240 2788 inter

86 2849 358 2918 utrosque
395 2857 518 2896 esse
541 2878 558 2909 ,
591 2835 727 2917 quia
755 2833 1000 2894 Ratione
1029 2834 1374 2916 participant
1392 2877 1408 2908 ,
1442 2853 1567 2912 quae
1608 2845 1811 2892 natura
1831 2847 1847 2872 ¹
1880 2829 2003 2893 Lex
2044 2845 2149 2892 est.
2204 2859 2233 2887 n

87 2935 234 3002 Su'nt
255 2941 486 3023 pulchra
513 2953 570 3000 et
592 2941 928 3023 dignitatem
945 2938 1154 3000 Mundi
1187 2941 1549 3022 exprimunt,
1583 2952 1641 3004 et
1664 2951 1917 3000 nostram
1935 2984 1953 3014 ‚
1986 2941 2239 3021 itemque

92 3049 330 3108 officium
363 3061 420 3107 et
447 3068 677 3108 munus.
715 3045 914 3130 Imago
945 3059 1031 3106 est
1054 3089 1072 3119 ,
1104 3068 1228 3128 quae
1257 3047 1424 3106 valde
1454 3047 1664 3128 placita
1696 3045 1897 3106 Stoicis
1928 3059 1987 3106 et
2024 3047 2237 3127 passim

95 3166 364 3234 usurpant
387 3177 403 3223 ;
431 3166 496 3212 ut
516 3153 730 3213 Seneca
748 3131 774 3226 ,R
791 3151 864 3211 ad
890 3150 1163 3210 Marciam
1192 3149 1362 3232 (cap.
1398 3148 1509 3228 18)
1543 3174 1560 3209 ε
1590 3178 1619 3205 κ
1649 3152 1931 3210 Intratura
1952 3173 2013 3210 es
2034 3139 2235 3212 urbem

95 3257 208 3317 diis
232 3257 659 3339 hominibusque
680 3278 1062 3318 communem.
1095 3281 1125 3309 ι»
1155 3257 1357 3317 Cicero
1387 3254 1457 3339 (I
1477 3257 1565 3318 De
1594 3254 1782 3340 Leg.)
1808 3281 1823 3315 ε
1862 3285 1889 3310 α
1916 3257 2235 3319 Universus

95 3364 190 3422 hic
220 3362 460 3423 Mundus
487 3385 606 3422 una
634 3363 831 3423 civitas
857 3407 874 3437 ,
918 3363 1235 3422 communis
1277 3362 1511 3422 deorum
1542 3362 1954 3444 hominumque
1971 3407 1988 3438 ‚
2022 3367 2234 3425 existi-

97 3467 328 3528 mandus
359 3481 464 3527 est.
497 3495 526 3520 ι»
553 3467 716 3528 Idem
746 3467 882 3526 alibi
903 3463 1000 3550 (H
1030 3467 1102 3528 de
1133 3469 1265 3528 Nat.
1299 3466 1595 3550 Deorum)
1618 3492 1635 3526 ε
1675 3497 1703 3522 «
1736 3465 1842 3528 Est
1870 3472 2023 3530 enim
2052 3471 2232 3533 Mun-

98 3573 201 3632 dus
227 3573 376 3656 quasi
403 3574 720 3632 communis
744 3572 981 3634 deorum
1006 3585 1176 3654 atque
1201 3573 1498 3634 homiuum
1530 3572 1731 3634 domus
1746 3619 1763 3650 ,
1788 3587 1887 3635 aut
1908 3577 2045 3637 urbs
2064 3589 2227 3638 utro-

103 3703 345 3764 rumque.
375 3707 402 3734 »
436 3681 653 3740 Iterum
675 3680 803 3740 dico
825 3723 842 3752 ,
874 3693 1006 3740 sunt
1035 3681 1272 3762 pulchra
1299 3727 1316 3757 ,
1343 3681 1457 3741 alta
1479 3726 1497 3755 ,
1529 3694 1585 3742 et
1614 3683 1741 3764 quis
1768 3707 1885 3743 non
1915 3685 2223 3758 attollatur,

103 3801 264 3868 atque
292 3787 440 3848 idem
472 3801 755 3861 vereatur,
793 3809 970 3870 quum
1002 3787 1188 3848 Deum
1234 3803 1292 3849 et
1327 3787 1543 3849 Genios
1572 3789 1786 3850 circum
1830 3813 1892 3850 se
1915 3835 1931 3864 ,
1970 3803 2027 3850 et
2055 3813 2227 3872 supra

103 3915 162 3953 se
178 3936 195 3966 ,
227 3894 422 3976 cogitat
448 3895 798 3977 inspectores
823 3937 842 3968 ‚
876 3892 1219 3976 eosdemque
1250 3909 1494 3958 rectores
1516 3895 1542 3956 ‚²
1564 3894 1640 3956 Et
1666 3909 1827 3978 parte
1850 3899 2024 3956 altera
2045 3940 2063 3972 ,
2087 3920 2223 3957 ava-

169 4091 356 4140 !Graece
371 4087 505 4157 φύσῃ
527 4129 542 4157 ,
569 4101 774 4143 natum.
800 4094 899 4144 Nec
926 4091 1052 4143 male
1075 4089 1244 4160 φῦσεος
1259 4132 1275 4162 ,
1295 4103 1513 4145 namroe.
1540 4095 1814 4161 Utrumque
1836 4107 2005 4143 verum
2028 4099 2119 4144 est.
