2667 4475
257 588 319 638 ¹7

265 2715 326 2767 ¹9

382 319 473 385 60
809 392 820 401 ,
971 316 1050 391 1„
1105 313 1463 383 ANNAEI
1511 312 1944 386 SENECAE

379 450 639 536 minor,
678 470 769 517 ne
815 444 1072 516 tardior
1116 444 1435 537 quidem3
1493 444 1814 538 quoniam
1865 446 2151 515 multum
2198 446 2529 529 interest,

377 578 610 631 utrum
639 559 902 655 aliquid
937 560 1155 628 obstet
1182 574 1445 627 tantum
1464 610 1483 643 ,
1516 584 1603 627 an
1632 560 1979 652 impediat.
2012 558 2267 627 Eodem
2291 565 2309 596 ¹
2331 562 2533 629 modo

374 678 630 746 Virtuti
691 678 996 771 opposita
1043 674 1219 744 nibil
1278 675 1674 745 detrahunt.
1727 679 1879 744 Non
1934 690 2035 744 est
2092 676 2354 761 minor,
2412 676 2533 744 sed

375 794 598 861 minus
633 792 853 887 fulget
887 818 904 857 ι
939 790 1140 861 nobis
1177 790 1458 859 forsitam
1488 768 1627 859 non
1660 814 1855 884 aeque
1882 804 2165 885 apparet
2196 814 2281 859 ac
2312 792 2525 878 nitetz,

375 910 506 979 sibi
545 910 782 979 eadem
819 926 921 979 est
939 960 958 992 ,
1012 926 1116 995 et,
1159 932 1347 977 more
1392 909 1554 977 solis
1601 910 1873 980 obscuri
1890 958 1909 991 ,
1954 910 2029 977 in
2078 909 2347 978 occulto
2392 912 2531 979 vim

375 1050 560 1095 suam
599 1041 892 1096 exercet.
933 1028 1080 1095 Hoc
1105 1026 1337 1117 itaque
1360 1025 1687 1097 adversus
1716 1028 2061 1096 Virtutem
2089 1042 2382 1119 possunt
2416 1052 2530 1095 ca-

374 1142 742 1226 lamitates,
789 1161 864 1215 et
895 1143 1176 1232 damna,
1229 1157 1300 1210 et
1333 1142 1604 1235 injuriae
1626 1194 1645 1230 ,
1701 1142 1889 1237 quod
1938 1141 2267 1211 adversus
2312 1142 2527 1211 solem

376 1274 596 1352 potest
629 1258 908 1328 nebula.

349 1452 360 1459 ⁵
473 1374 830 1443 Invenitur
851 1379 879 1408 ²
927 1376 1046 1467 qui
1084 1373 1266 1442 dieat
1289 1422 1305 1454 ,
1350 1373 1739 1464 Sapientem
1781 1396 2066 1466 corpore
2096 1398 2341 1468 parum
2377 1401 2527 1472 pro·

375 1511 576 1581 spero
601 1511 798 1556 usum
817 1538 836 1570 ,
873 1512 998 1555 nec
1024 1487 1348 1555 miserum
1378 1509 1524 1554 esse
1547 1536 1565 1565 ‚
1598 1510 1727 1554 nee
1756 1486 2053 1558 beatum.
2091 1489 2221 1557 Hic
2250 1513 2526 1583 quoque

375 1604 637 1673 fallitur
671 1632 686 1672 z
731 1618 1034 1701 exaequat
1063 1604 1246 1671 enim
1284 1604 1563 1671 fortuita
1595 1603 1965 1672 virtutibus
1988 1598 2012 1639 ³
2040 1655 2060 1687 ,
2104 1622 2175 1674 et
2224 1621 2527 1675 tantum-

378 1719 530 1787 dem
585 1719 827 1788 tribuit
877 1720 1180 1789 honestis
1207 1768 1226 1801 ,
1299 1735 1629 1811 quantum
1688 1718 2043 1789 honestate
2100 1721 2518 1790 carentibus.

376 1834 569 1928 Quid
611 1850 836 1903 autem
881 1833 1126 1904 foedius
1147 1840 1184 1921 ,‘
1212 1834 1383 1928 quid
1422 1834 1812 1929 indignius,
1858 1860 2063 1927 quam
2098 1832 2525 1931 ⁴comparari

375 1946 762 2017 veneranda
797 1950 1250 2041 contemptis?
1293 1948 1705 2017 Veneranda
1740 1950 1921 2018 enim
1976 1960 2168 2033 sunt,
2208 1950 2477 2041 justitia
2498 2002 2521 2037 ,

374 2065 592 2156 pietas
613 2114 632 2145 ‚
689 2064 861 2133 fides
883 2115 900 2147 ,
961 2063 1321 2146 fortitude,
1383 2062 1753 2157 prudentia
1799 2091 1814 2129 :
1874 2088 1914 2131 e
1970 2068 2318 2134 contrario
2362 2066 2525 2135 vilia

375 2194 570 2264 sunt,
612 2203 764 2273 quae
793 2202 972 2273 saepe
1005 2181 1417 2276 contingunt
1450 2180 1759 2273 pleniora
1788 2179 2172 2265 vilissimis,
2216 2206 2379 2252 crus
2422 2206 2527 2253 so-

373 2295 622 2382 lidum,
665 2314 733 2366 et
779 2298 1109 2382 lacertus,
1159 2313 1228 2368 et
1267 2297 1546 2379 dentes,
1601 2313 1673 2365 et
1713 2297 1963 2365 borum
2008 2300 2259 2368 sanitas
2305 2301 2523 2370 firmi-

370 2431 630 2508 tasque.
665 2414 931 2484 Deinde
969 2416 1026 2484 si
1063 2416 1335 2508 sapiens
1356 2464 1379 2499 ‚
1420 2414 1531 2481 cui
1554 2435 1809 2504 corpus
1836 2411 2193 2482 molestum
2221 2431 2363 2500 est,
2396 2441 2524 2486 nec

369 2532 578 2598 miser
613 2529 1018 2626 habebitur,
1068 2553 1198 2599 nee
1243 2529 1519 2610 beatus,
1568 2525 1689 2596 sed
1728 2526 1954 2597 medio
1996 2522 2021 2564 ⁵
2044 2529 2518 2621 relinquetur3

370 2645 508 2711 vita
535 2668 808 2735 quoque
836 2643 985 2737 ejus
1010 2667 1140 2711 nee
1167 2639 1553 2736 appetenda
1583 2642 1751 2723 erit,
1782 2665 1913 2710 nec
1939 2641 2293 2735 fugienda.
2329 2644 2521 2737 Quid

371 2780 598 2830 autem
625 2777 761 2828 tam
791 2760 1158 2828 absurdum
1176 2809 1197 2844 ,
1239 2785 1443 2851 quam
1472 2743 1800 2854 sapientis
1825 2761 2035 2828 vitam
2068 2761 2520 2854 appetendam

372 2901 511 2946 non
547 2877 741 2952 esse?
771 2892 890 2946 aut
915 2876 1087 2969 quid
1122 2892 1260 2944 tam
1293 2893 1482 2944 extra
1520 2874 1727 2944 fidem
1747 2924 1767 2957 ‚
1805 2898 2008 2967 quam
2040 2899 2185 2945 esse
2222 2877 2519 2970 aliquam

371 2994 576 3060 vitam
626 3015 756 3060 nee
805 2990 1256 3085 appetendam
1285 3041 1302 3071 ,
1364 3013 1497 3058 neo
1556 2989 1953 3083 fugiendam
1986 2990 2018 3056 Ρ
2078 2989 2349 3062 Deinde
2378 3042 2397 3073 ‚
2462 2991 2521 3059 si

371 3107 616 3177 damna
649 3110 952 3201 corporis
987 3109 1310 3176 miserum
1347 3130 1487 3176 non
1536 3105 1833 3188 faciunt,
1888 3104 2163 3178 beatum
2200 3130 2347 3175 esse
2386 3132 2520 3201 pa-

372 3341 509 3394 idem
525 3378 540 3406 ,
565 3360 724 3411 quum
750 3341 911 3393 fertur
938 3360 1028 3413 per
1051 3340 1232 3394 celum
1255 3358 1387 3395 sete·
1551 3335 1601 3388 3.
1618 3335 2200 3410 Exoeqnat...sortuito
2224 3339 2519 3392 vitantibus.

369 3437 513 3474 num,
1489 3415 1598 3486 Qui
1630 3416 1770 3468 enim
1803 3415 2074 3468 contendit
2107 3428 2210 3470 tam
2246 3437 2392 3492 posse
2418 3419 2519 3470 for-

441 3515 482 3551 ι.
500 3497 707 3551 Eodem
727 3497 930 3550 modo...
949 3496 1244 3549 detrahunt.
1263 3495 1389 3547 Noli
1486 3495 1627 3550 tuitis
1659 3494 1925 3549 bominem
1958 3495 2275 3552 beatitudine
2312 3499 2483 3553 orbari
2499 3539 2515 3566 ,

369 3587 542 3648 putare
565 3576 650 3630 bic
667 3576 902 3628 notiones
915 3573 1217 3627 commutari
1236 3593 1252 3629 ι
1269 3592 1391 3626 nam
1489 3595 1645 3647 quam
1665 3577 1852 3630 virtute
1871 3575 2077 3630 beatum
2103 3575 2258 3632 effici.

371 3670 484 3726 quae
511 3654 575 3706 de
606 3654 787 3706 virtute
817 3653 1024 3719 valent,
1053 3652 1393 3726 proedicmtur
1554 3657 1601 3722 4.
1626 3657 1958 3725 Comparari,
1976 3674 2030 3707 a.
2051 3675 2093 3709 c.
2116 3660 2184 3709 A.
2200 3657 2373 3730 Vulgo
2388 3675 2519 3711 com·

369 3751 570 3804 quoque
598 3732 664 3785 de
691 3731 1029 3799 beatitudine,
1063 3731 1249 3805 quippe
1277 3750 1394 3804 qna
1482 3751 1695 3804 parare.
1718 3729 1882 3786 Schoe.

372 3832 430 3865 ex
453 3811 639 3865 virtute
665 3824 753 3863 est.
771 3809 951 3863 Ruhk.
1558 3815 1603 3867 5.
1616 3811 1729 3865 Sed
1738 3813 1913 3866 medio
1929 3815 2262 3880 relinquetur.
2281 3813 2385 3868 sic.
2396 3833 2515 3866 mss.

438 3912 484 3943 2.
519 3890 850 3946 lucerinum...
883 3912 970 3945 nec
1005 3893 1230 3944 beatum.
1265 3895 1388 3947 Aes-
1486 3911 1539 3944 a.
1570 3910 1613 3944 c.
1638 3888 1708 3942 R.
1732 3890 1802 3941 A.
1826 3901 1877 3942 et
1902 3909 2019 3944 mss.
2042 3889 2285 3956 Gruteri3
2308 3908 2398 3942 nec
2414 3909 2521 3942 ve-

371 3970 684 4024 demicorum
719 3969 788 4022 al.
823 3971 1072 4022 sententia
1107 3968 1216 4026 hoec
1255 3969 1385 4040 fuit,
1487 3989 1544 4024 ro
1574 3968 1919 4042 spernendum
1948 3981 2022 4022 est
2046 3967 2311 4041 vulgatum
2340 3970 2437 4023 sed
2462 3973 2521 4024 in

371 4047 448 4108 uti
467 4068 618 4123 supra
635 4047 873 4102 vidimus.
893 4046 1077 4100 Ruhk.
1488 4049 1625 4100 med.
1648 4048 1739 4100 rel.
1762 4044 1924 4101 Schae.
