2667 4475
251 452 308 483 21

253 1486 315 1517 22

255 2412 317 2463 23

366 286 454 357 26
948 286 1028 351 L.
1088 262 1437 353 ANNAEI
1486 286 1915 354 SENECAE

363 415 556 507 Quid
573 416 634 483 bi
663 414 1054 506 contigisset
1087 415 1190 483 illi
1216 412 1475 485 addere
1494 420 1513 449 ¹
1552 415 1677 483 has
1702 418 1917 483 nostri
1946 419 2275 509 temporis
2296 417 2477 487 telas
2496 468 2521 503 ‚

362 532 614 625 quibus
644 532 848 599 vestis
882 530 1060 601 nihil
1095 531 1397 601 celatura
1415 536 1441 565 ²
1480 532 1865 614 conficitur,
1912 534 1984 599 in
2018 558 2155 625 qua
2186 558 2323 603 non
2360 535 2527 605 dico

363 648 624 717 nullum
655 649 923 739 corpori
949 648 1273 717 auxilium
1291 696 1310 729 ‚
1346 646 1468 715 sed
1490 647 1756 716 nullum
1782 646 2031 741 pudori
2059 651 2207 717 est?
2233 650 2530 719 Transit

365 764 616 833 deinde
651 763 741 833 ad
779 764 1109 855 agricolas
1133 814 1153 846 ,
1204 788 1339 833 nec
1390 766 1615 837 minus
1659 763 1951 832 facunde
1989 763 2319 834 describit
2357 790 2529 859 pro-

366 881 642 952 scissum
661 896 885 949 aratro
911 880 1132 953 solum
1149 886 1264 961 ,et
1291 882 1607 948 iteratum
1630 871 1683 961 ³,
1718 904 1856 972 quo
1889 880 2173 949 solutior
2202 898 2392 949 terra
2424 882 2527 949 fa-

365 997 564 1065 cilius
598 1012 828 1090 pateat
858 995 1242 1082 radicibus3
1281 1012 1447 1066 tune
1482 1020 1713 1089 sparsa
1748 997 2009 1064 semina
2032 1046 2053 1079 ,
2092 1012 2165 1063 et
2198 998 2527 1067 collectas

366 1134 568 1178 manu
603 1108 850 1182 herbas
873 1160 895 1193 ,Α
937 1134 1024 1178 ne
1061 1109 1228 1201 quid
1267 1110 1617 1179 fortuitum
1668 1124 1739 1178 et
1780 1124 2053 1203 agreste
2089 1128 2481 1179 succrescat
2500 1162 2518 1193 ,

367 1223 555 1317 quod'
585 1241 784 1293 necet
817 1242 1140 1319 segetem.
1197 1228 1344 1293 Hoc
1380 1249 1655 1317 quoque
1709 1249 1879 1319 opus
1913 1228 2013 1295 ait
2058 1249 2205 1295 esse
2256 1228 2527 1321 sapien-

367 1344 570 1427 tium3
609 1357 930 1433 tanquam
967 1366 1106 1411 non
1143 1366 1326 1411 nunc
1360 1366 1635 1435 quoque
1660 1341 1957 1436 plurima
1988 1342 2285 1411 cultores
2316 1364 2528 1437 agro-
2624 1431 2629 1439 .

368 1482 517 1526 rum
552 1483 730 1526 nova
761 1462 1148 1541 inveniant,
1183 1483 1310 1553 per
1335 1482 1489 1550 quae
1516 1460 1831 1527 fertilitas
1856 1474 2214 1553 augeatur.
2248 1460 2525 1529 Deinde

369 1598 504 1641 non
551 1590 652 1641 est
686 1590 1044 1647 contentus
1093 1575 1202 1643 his
1244 1575 1545 1661 artibus,
1584 1573 1705 1643 sed
1742 1576 1817 1645 in
1848 1577 2213 1668 pistrinum
2254 1578 2524 1669 sapien-

369 1706 504 1759 tem
541 1692 900 1758 submittit.
941 1694 1187 1758 Narrat
1215 1693 1397 1759 enim
1420 1742 1441 1774 ‚
1478 1689 2051 1785 quemadmodum
2075 1743 2095 1776 ,
2140 1714 2377 1759 rerum
2404 1717 2523 1760 na-

371 1821 589 1872 turam
625 1807 958 1892 imitatus,
997 1830 1240 1900 panem
1280 1808 1566 1901 coeperit
1601 1808 1825 1875 facere
1868 1835 1883 1873 :
1932 1835 1965 1871 ι(
1995 1811 2332 1901 Receptus
2358 1858 2376 1889 ,
2422 1808 2527 1875 in-

370 1922 520 2012 quit
539 1971 557 2004 ‚
609 1922 684 1989 in
726 1946 800 1990 os
836 1922 1069 2016 fruges
1105 1948 1520 1994 concurrens
1566 1926 1748 1992 inter
1787 1948 1863 1993 se
1906 1922 2165 1991 duritia
2212 1922 2525 1993 dentium

371 2037 668 2130 frangit,
713 2052 784 2106 et
809 2087 828 2121 ‚
865 2036 1202 2131 quidquid
1237 2041 1491 2109 excidit
1514 2092 1533 2125 ,
1576 2039 1667 2109 ad
1700 2039 1973 2109 eosdem
2013 2039 2252 2108 dentes
2284 2040 2527 2133 lingua

367 2154 706 2242 refertur-3
746 2171 910 2225 tunc
943 2180 1107 2226 vero
1144 2158 1468 2227 miscetur
1486 2154 1543 2244 ⁴,
1582 2174 1661 2227 ut
1688 2157 1955 2226 facilius
1984 2181 2117 2251 per
2150 2158 2381 2226 fauces
2420 2158 2527 2225 lu-

362 2265 588 2336 bricas
623 2285 919 2338 transeat
954 2297 971 2337 ι
1006 2295 1215 2364 quum
1251 2275 1565 2366 pervenit
1600 2274 1673 2340 in
1711 2271 2057 2353 ventrem,
2104 2267 2521 2365 ⁵aqualiculi

366 2391 630 2460 fervore
682 2397 1168 2486 concoquunt-3
1207 2413 1372 2466 tunc
1417 2394 1687 2464 demum
1733 2398 2001 2488 corpori
2038 2393 2330 2464 accedit.
2377 2398 2522 2464 Hoc

365 2509 614 2601 aliquis
646 2527 914 2580 secutus
951 2513 1295 2606 exemplar
1325 2563 1345 2597 ,
1390 2512 1687 2605 lapidem
1743 2535 2056 2604 asperum
2108 2535 2350 2606 aspero
2388 2514 2519 2596 im:-

365 2731 510 2780 n’unt
541 2728 796 2782 dedissent
817 2743 1008 2781 veteres
1041 2729 1162 2782 libri
1198 2748 1391 2782 omnes.

367 2805 429 2856 F
421 2810 590 2858 eritmt
611 2824 672 2858 ex
697 2805 912 2878 vulgetis
932 2807 1112 2859 Ovidii
1137 2805 1282 2859 libris
1303 2807 1397 2859 in—

369 2882 504 2935 vexit
523 2883 666 2934 Mur.
685 2881 840 2936 δάιον.

440 2979 484 3012 ι.
504 2959 572 3012 Se·
584 2963 876 3030 contigisset
893 2963 978 3012 illa·
989 2961 1204 3022 addere,
1227 2960 1262 3015 i.
1285 2981 1328 3014 e.
1350 2961 1393 3015 si

369 3038 555 3092 addere
595 3039 836 3112 potuisset
849 3075 864 3104 ,
903 3038 946 3090 si
988 3037 1280 3108 contigisset
1314 3039 1392 3090 illi

371 3127 426 3167 ut
459 3114 643 3168 addere
683 3116 935 3187 potuisset.
974 3115 1150 3186 Vulgo
1183 3118 1387 3176 videte,

371 3213 430 3247 ex
453 3193 652 3246 Erasmi
675 3192 779 3262 ing.
799 3193 960 3248 Schw.

437 3291 484 3322 2.
505 3273 682 3326 Vestis
701 3271 836 3324 nihil
851 3275 1100 3324 celatura.
1127 3273 1226 3324 Int.
1247 3271 1392 3323 bom-

371 3350 554 3422 bycina
565 3368 710 3422 ‚qua
723 3351 906 3404 Snidas
924 3355 1130 3420 διαφανῆ
1151 3355 1393 3406 Λακωνικὰ

370 3441 520 3482 vocat
536 3449 660 3483 voce
680 3432 898 3496 διαφανῆ.
921 3429 1053 3482 Sunt
1076 3441 1246 3482 autem
1267 3449 1391 3482 ves-

370 3522 446 3562 tes
475 3509 622 3575 Coae,
647 3511 888 3563 tenuitate
913 3530 1004 3563 sua
1025 3511 1270 3574 infames,
1297 3529 1391 3562 ne·-

371 3585 490 3639 bula
510 3587 646 3640 linea
659 3608 737 3661 sp.
757 3588 994 3640 Publium
1015 3591 1202 3662 Syrum
1220 3590 1395 3641 Petro·

375 3665 450 3718 nii
473 3667 556 3718 55.
574 3667 710 3718 Hine
729 3667 906 3718 Horat.
931 3667 1094 3719 Set-m.
1123 3667 1177 3732 1,
1211 3687 1240 3719 α
1256 3705 1272 3732 ,
1299 3685 1386 3720 ιοι

367 3735 406 3794 ἀ
422 3742 544 3797 Cois
567 3743 662 3797 tibi
685 3763 825 3816 paene
845 3744 1017 3797 videre
1043 3757 1117 3797 est
1134 3745 1342 3799 nudam.
1360 3767 1387 3792 ι·

376 3822 456 3876 Cf.
483 3834 592 3896 post
631 3823 851 3896 Lipsium
875 3825 940 3876 ad
964 3825 1121 3877 Tacit.
1143 3827 1281 3877 Anu.
1303 3825 1355 3876 ll
1374 3861 1389 3888 ,

375 3899 460 3966 ³3,
473 3901 736 3975 Heyuium
753 3901 1020 3955 adTibull.
1043 3904 1120 3966 11,
1139 3901 1170 3954 3
1183 3942 1198 3969 ,
1223 3905 1300 3966 54.
1319 3901 1393 3954 R.

441 3979 486 4030 3.
511 3979 588 4031 E!
603 3985 846 4033 iteratum
861 4001 889 4032 a
906 3980 1154 4034 Pincieno
1171 3993 1243 4033 est
1262 4019 1278 4045 ‚
1299 3981 1393 4034 etsi

376 4076 552 4120 omnes
585 4081 700 4116 mss.
735 4060 927 4115 habent
945 4064 1106 4115 :inter
1135 4071 1391 4115 aratrum.

1490 2731 1595 2783 Sed
1620 2731 1750 2783 bene
1778 2730 1940 2783 bonus
1974 2749 2173 2796 censor,
2196 2731 2267 2783 ait
2288 2731 2516 2802 Lipsius3

1492 2821 1567 2861 est
1586 2809 1726 2862 enim
1747 2808 2069 2882 agriculture
2093 2827 2207 2861 vox.
2234 2807 2306 2860 R.

1556 2887 1607 2950 4.
1638 2887 1783 2940 Tunc
1804 2905 1927 2938 vem
1944 2889 2205 2940 miscetur.
2229 2886 2315 2939 Sic
2340 2887 2420 2938 ed.
2442 2889 2517 2942 R.

1492 2977 1543 3016 et
1564 2965 1643 3016 A.
1660 2983 1779 3016 eum
1799 2983 1893 3018 ms.
1918 2985 1975 3016 a.
2000 2976 2051 3017 et
2078 2983 2121 3017 c.
2152 2964 2337 3034 quibus
2358 2977 2407 3018 et
2428 2965 2513 3020 atii

1492 3044 1581 3104 (ut
1602 3041 1863 3114 suspicor)
1886 3055 2075 3095 veteres
2095 3041 2213 3094 libri
2237 3045 2517 3096 assentiun-

1490 3131 1585 3170 tur.
1595 3119 1767 3192 Vulgo
1786 3129 1910 3174 tunc
1920 3139 2044 3173 ωηο
2058 3123 2240 3174 saliooe
2254 3125 2508 3188 misceam
2546 3187 2551 3194 ²

1486 3197 1553 3250 ab
1578 3199 1803 3252 Eresmo.
1830 3199 1961 3264 Sed,
1992 3211 2052 3252 ut
2086 3203 2272 3254 vinum
2306 3205 2514 3256 miscere

1488 3275 1731 3344 dicimus,
1762 3277 2105 3350 intelligentes
2140 3297 2292 3346 aqua
2312 3317 2328 3344 ,
2366 3278 2434 3332 sie
2464 3293 2515 3332 et

1489 3354 1575 3407 bic
1588 3357 1725 3408 nude
1738 3359 1985 3409 miscetur
2002 3369 2128 3408 stare
2152 3355 2381 3427 potuerit.
2394 3357 2511 3410 S.—

1490 3433 1637 3486 Sens.
1660 3451 1673 3485 ε
1692 3433 1959 3505 Quidquid
1976 3433 2163 3486 excidit
2176 3433 2410 3486 miscetur
2427 3452 2506 3486 sa-

1490 3509 1589 3563 liva
1598 3551 1613 3572 ,
1627 3525 1676 3563 et
1689 3513 1744 3564 in
1761 3512 2123 3565 minutissimas
2136 3524 2298 3586 partes
2312 3513 2495 3579 teritur,

1488 3601 1546 3641 ut
1566 3589 1773 3664 dempta
1786 3589 2059 3661 asperitate
2077 3629 2091 3656 ‚
2114 3609 2221 3643 non
2240 3589 2390 3644 laedat
2402 3591 2507 3643 feu—

1490 3689 1569 3722 ees
1602 3669 1857 3736 delicatas,
1876 3683 1927 3723 et
1942 3669 2141 3722 facilius
2164 3669 2441 3722 descendet.

1553 3751 1599 3800 5.
1622 3749 1943 3818 ΑᾳυαΙίωΙί.
1978 3751 2019 3802 I.
2050 3747 2315 3802 stomachi.
2349 3747 2505 3801 Cete-

1489 3845 1599 3880 rum
1620 3847 1711 3880 suo
1729 3828 1942 3881 consilio
1960 3847 2037 3880 res
2056 3839 2399 3900 attemperasse
2415 3827 2505 3878 Po-

1489 3905 1745 3958 sidonium
1764 3906 1929 3978 liquet
1949 3927 2009 3959 ex
2023 3906 2105 3968 iis,
2124 3923 2237 3975 quoe
2254 3905 2335 3957 Jo.
2351 3901 2505 3958 Beck·

1490 4003 1653 4035 mann
1672 3981 1854 4055 Beytr.
1876 4001 1974 4036 zm·
1994 3983 2181 4038 Gesch.
2200 3987 2292 4036 der
2309 3981 2419 4051 Ery:
2438 3981 2500 4046 11,

1493 4081 1568 4113 nr.
1598 4062 1623 4111 1
1646 4099 1661 4128 ,
1688 4062 1832 4114 docte
1874 4063 2113 4136 exposuit.
2174 4062 2371 4133 Spectet
2412 4059 2499 4113 huc
