2667 4475
403 325 528 391 118
979 324 1059 388 L.
1111 318 1466 388 ANNAEI
1512 312 1951 387 SENECAE

389 450 662 542 injuriae
685 447 998 541 pellicem
1019 452 1070 536 '3
1105 448 1224 517 sed
1253 448 1447 517 illum
1472 448 1689 517 libido
1717 451 1793 516 in
1820 451 2163 519 contraria
2188 451 2549 545 impingit.

316 551 323 561 ⁸
389 563 584 632 Nihil
617 588 783 657 ergo
818 562 1128 658 proderit
1171 564 1336 632 dare
1370 580 1711 658 praecepta
1734 615 1752 645 ‚
1798 564 1931 632 nisi
1976 564 2169 657 prius
2208 569 2551 636 amoveris

392 676 727 745 obstantia
763 680 1159 772 praecepti33
1195 702 1339 745 non
1378 680 1595 771 magis
1613 728 1636 763 ‚
1678 702 1877 770 quam
1910 678 2217 771 proderit
2248 703 2443 747 arma
2475 682 2551 747 in

392 810 760 887 conspectu
819 797 1122 889 posuisse
1178 796 1597 889 propiusque
1648 796 2026 864 admovisse
2051 846 2072 881 ,
2131 797 2269 865 nisi
2318 820 2547 865 neurae

391 934 632 980 manus
663 912 1181 1006 expediuntur².
1219 916 1311 981 Ut
1340 911 1428 980 ad
1454 928 1819 1005 praecepta,
1855 934 2007 1005 quoe
2036 909 2301 995 damus,
2336 914 2551 1005 possit

392 1029 655 1096 animus
675 1031 780 1097 ire
799 1080 817 1113 ‚
847 1022 1209 1098 solvendus
1235 1044 1361 1097 est.
1390 1032 1715 1098 Putemus
1738 1029 2037 1121 aliquem
2064 1028 2323 1112 faeere,
2362 1030 2549 1121 quod

394 1160 705 1237 oportet;
749 1170 889 1215 non
937 1147 1138 1215 faciet
1179 1146 1449 1215 assidue
1474 1196 1493 1229 ‚
1544 1168 1683 1215 non
1727 1147 1927 1214 faciet
1964 1145 2321 1238 aequaliter
2367 1172 2383 1211 :
2422 1170 2551 1213 ne-

395 1262 564 1330 sciet
615 1264 798 1329 enim
858 1287 1072 1355 quare
1119 1263 1346 1331 faciat.
1390 1262 1637 1356 Aliqua
1668 1261 1777 1331 vel
1818 1286 1979 1332 casu
2004 1312 2023 1345 ,
2064 1261 2175 1331 vel
2208 1262 2548 1331 exercita-

395 1381 583 1447 tione
608 1431 627 1463 ,
673 1381 954 1449 exibunt
986 1397 1211 1467 recta3
1251 1380 1372 1449 sed
1414 1404 1554 1449 non
1604 1382 1737 1448 erit
1771 1381 1846 1448 in
1894 1404 2099 1448 manu
2148 1381 2426 1474 regula,
2460 1381 2553 1449 ad

287 1568 294 1577 ,
396 1519 601 1590 quam
659 1500 1056 1591 exigantur,
1099 1500 1210 1567 cui
1264 1497 1531 1579 credat,
1572 1513 1756 1566 reeta
1796 1520 1943 1567 esee
1980 1522 2132 1592 quae
2166 1498 2356 1567 fecit.
2392 1501 2551 1567 Non

393 1612 747 1703 promittet
779 1637 851 1681 se
889 1612 1090 1679 talem
1129 1614 1204 1679 in
1231 1626 1635 1704 perpetuum
1663 1662 1682 1694 ‚
1723 1614 1842 1704 qui
1876 1634 2036 1679 casu
2066 1610 2287 1681 bonus
2312 1626 2441 1680 est.

486 1728 762 1801 Deinde
785 1776 804 1809 ‚
846 1720 1306 1820 praestabunt³
1343 1728 1467 1795 tibi
1510 1706 1790 1796 formese
1823 1745 2202 1822 praecepta,
2244 1744 2324 1795 ut
2356 1729 2553 1819 quod

397 1857 668 1933 oportet
715 1842 976 1926 sacia-«⁵3
1041 1866 1178 1909 non
1231 1842 1651 1935 praestabunt
1684 1895 1702 1930 ‚
1762 1860 1837 1911 ut
1883 1893 1901 1926 ‚
1975 1838 2553 1936 quemadmodum

397 1972 666 2051 oportet
703 1986 717 2025 ε
745 1975 816 2027 et
849 2009 867 2042 ,
903 1960 960 2027 ei
994 1961 1128 2026 hoc
1159 1981 1296 2027 non
1332 1974 1693 2053 praestant,
1728 1960 1818 2028 ad
1844 1962 2179 2028 Virtutem
2214 1984 2351 2029 non
2388 1984 2557 2054 per-

401 2076 686 2145 ducunt.
723 2076 958 2145 Faciet
1009 2076 1195 2169 quod
1235 2092 1503 2171 oportet
1550 2078 1889 2162 monitue3
1932 2077 2233 2146 concedo
2270 2105 2285 2144 :
2322 2076 2447 2146 sed
2476 2079 2557 2147 id

399 2214 640 2285 parum
672 2206 806 2274 est,
841 2192 1159 2284 quoniam
1197 2190 1475 2284 quidem
1496 2186 1523 2235 ⁴
1554 2214 1691 2260 non
1728 2192 1803 2261 in
1846 2190 2023 2261 facto
2066 2192 2215 2262 laus
2256 2208 2395 2275 est,
2431 2192 2556 2262 sed

395 2311 470 2376 in
525 2330 646 2391 eo,
707 2310 1273 2401 quemadmodum
1331 2309 1475 2376 fiat.
1528 2309 1719 2402 Quid
1766 2325 1871 2378 est
1926 2331 2119 2378 coena
2162 2327 2557 2404 sumptuosa

394 2427 797 2520 flagitiosius
821 2478 840 2510 ‚
878 2443 948 2495 et
974 2443 1363 2520 equestrem
1390 2449 1669 2495 censum
1696 2430 2183 2496 consumente?
2206 2428 2376 2520 quid
2410 2445 2553 2498 tam

397 2543 680 2635 dignum
710 2545 1020 2612 censoria
1055 2558 1214 2611 nota
1235 2594 1252 2626 ,
1292 2545 1349 2610 si
1380 2544 1572 2634 quis,
1608 2559 1684 2610 ut
1722 2545 1837 2610 isti
1884 2567 2227 2638 ganeones
2254 2545 2555 2636 loquun-

395 2675 512 2726 tur
539 2709 557 2742 ‚
598 2660 728 2728 sibi
772 2653 944 2728 hoc⁵
975 2677 1045 2728 et
1083 2661 1284 2754 genio
1317 2681 1439 2728 suo
1466 2675 1741 2754 praestet
1765 2663 1797 2730 Ρ
1824 2679 1893 2730 et
1920 2664 2120 2732 toties
2158 2678 2379 2732 tamen
2420 2689 2557 2734 eea-

397 2775 602 2840 tertio
623 2767 650 2808 ⁶
705 2774 1016 2843 aditiales
1070 2799 1276 2844 coenae
1331 2775 1802 2868 frugalissimis
1852 2779 2019 2848 viris
2066 2781 2549 2851 constiterunt.

396 3049 566 3090 uxor-'e
585 3038 705 3090 dant
728 3058 782 3090 a.
800 3059 842 3091 c.
865 3039 936 3090 A.
961 3057 1057 3091 nec
1077 3037 1145 3090 ita
1167 3037 1298 3092 male
1319 3039 1424 3092 for·
1522 3052 1702 3112 proeter
1712 3041 1945 3094 virtutem
1958 3052 2153 3094 mutare
2168 3059 2381 3108 nomen,
2396 3044 2553 3096 modo

395 3119 697 3170 tasse-Recte
711 3117 848 3171 enim
860 3117 1014 3170 latine
1025 3118 1209 3171 dieitur
1222 3121 1423 3186 injuria
1521 3115 1657 3170 mala
1688 3116 1801 3171 fieri
1818 3157 1833 3184 ‚
1862 3119 2019 3172 modo
2054 3117 2193 3172 bona
2222 3116 2371 3186 fieri,
2400 3137 2555 3189 prout

394 3197 635 3246 inum-ore
646 3195 699 3261 (i.
714 3216 762 3267 q.
775 3197 828 3248 in
841 3197 1086 3262 uxorem)
1100 3195 1422 3250 admissas.
1521 3195 1581 3248 iis
1616 3197 1788 3249 utaris.
1824 3197 1897 3249 Ita
1940 3197 2377 3270 sumptuosissima
2406 3219 2553 3252 eoena

469 3293 510 3325 1.
541 3275 795 3328 pellicem.
821 3273 1034 3327 Habere
1045 3277 1279 3342 pellicem
1304 3275 1421 3327 edd.
1519 3273 1732 3329 luxuriae
1788 3295 1935 3328 causa
1984 3287 2217 3349 apparata
2250 3316 2268 3340 ,
2314 3281 2553 3330 censoria

401 3350 573 3404 invitis
599 3365 716 3404 vett.
746 3351 888 3404 libris
910 3352 1093 3404 nostr-is
1116 3364 1165 3404 et
1185 3352 1423 3406 Pinciani
1518 3363 1645 3405 nota
1682 3352 1719 3404 i.
1752 3353 1958 3426 publica
1996 3353 2393 3426 reprehensione
2434 3375 2554 3408 cnm

401 3431 722 3501 Gruterique.
745 3431 908 3486 δώσω.
1522 3430 1807 3502 ignominia
1832 3431 1988 3506 digna
2024 3445 2126 3496 est;
2154 3444 2211 3484 ‘at
2239 3451 2390 3485 coena
2420 3436 2553 3486 adi-

466 3529 513 3560 α.
537 3509 664 3562 Nisa·
691 3529 868 3563 usuroe
897 3529 1089 3562 manus
1117 3509 1423 3574 expediun—
1522 3512 1702 3572 dalis,
1746 3507 1983 3581 epulum,
2024 3510 2161 3580 quod
2212 3509 2267 3562 in
2322 3511 2465 3564 aditu
2506 3523 2555 3563 et

397 3589 555 3638 tur-I.
587 3607 630 3638 e.
654 3587 752 3639 nisi
771 3607 952 3640 manus
968 3627 983 3654 ,
1006 3605 1120 3654 quae
1141 3587 1290 3638 armis
1307 3607 1425 3639 usn·
1522 3587 1747 3656 auspicio
1770 3587 2027 3639 honorum
2051 3588 2267 3641 dabatur
2286 3589 2465 3659 (repas
2490 3593 2556 3642 de

395 3685 467 3720 τε
502 3666 630 3730 sint,
668 3686 775 3736 exp.
807 3665 932 3719 Haec
963 3664 1164 3717 monuit
1191 3663 1423 3718 Gronov.
1520 3663 2055 3734 rebeption),quamvis
2075 3685 2219 3737 teque
2232 3679 2551 3742 sumptuosa,

463 3741 510 3793 3.
551 3741 762 3796 Deitide
791 3742 1189 3812 puniebant...
1208 3753 1421 3810 oportet.
1521 3761 1629 3793 non
1644 3741 2046 3814 reprehenditur.
2062 3741 2247 3795 Ruhk.

393 3819 680 3894 Legaliter‚
713 3819 802 3873 sed
836 3840 941 3872 non
975 3821 1234 3872 moraliter
1264 3841 1381 3892 ages
1402 3857 1417 3886 ,
1586 3825 1633 3874 5.
1663 3823 1781 3875 Sibi
1802 3823 1893 3877 hoc
1910 3862 1925 3890 ,
1945 3845 1997 3876 α.
2018 3845 2061 3878 c.
2083 3823 2207 3875 N'on
2228 3823 2333 3876 sibi
2349 3823 2476 3876 boec.
2491 3823 2548 3875 S·

395 3901 542 3954 nullo
573 3918 834 3952 causarum
857 3911 1082 3972 respectu
1105 3897 1273 3952 habito
1291 3937 1306 3962 ‚
1327 3919 1421 3952 nec
1518 3899 1765 3953 -Sihs·..‚
1781 3899 2027 3970 elgenioJ
2048 3901 2083 3954 ἰ.
2099 3922 2142 3954 e.
2156 3901 2253 3954 sibi
2271 3901 2370 3954 soli
2390 3921 2404 3964 ς
2430 3922 2551 3954 nam

397 3977 722 4051 persuasione
745 3989 928 4030 motus.
950 3977 1129 4031 Ruhlc.
1517 3977 1698 4049 genius
1732 3977 1793 4029 ab
1832 3979 2041 4031 homine
2086 3999 2239 4050 quem
2282 3981 2553 4034 comitatur

462 4063 512 4127 4.
543 4059 814 4130 Quoniam
833 4059 1119 4130 quidem....
1139 4057 1422 4132 insacia...
1518 4077 1626 4110 non
1655 4069 1727 4110 est
1751 4057 2160 4131 distinguendus.

380 4140 511 4207 fiat.
534 4137 829 4192 secundum
851 4137 987 4191 δίου
1008 4137 1222 4208 dogma,
1246 4137 1421 4189 omnia
1584 4137 1631 4189 6.
1671 4135 1748 4188 Ee
1772 4140 1920 4191 toties
1955 4149 2130 4192 tamen
2176 4143 2419 4194 sesto-ub.
2464 4138 2549 4192 Sic
2644 4191 2646 4196 .

2642 4215 2646 4447 Ι
