2667 4475
483 402 617 469 662
1220 398 1524 468 JUSTI
1570 398 1891 467 LIPSII

480 570 660 621 tatum
703 574 788 619 est
819 584 834 618 ε
878 582 950 619 an
990 574 1048 619 et
1075 561 1288 620 Stoicos
1329 559 1539 619 addam
1558 560 1586 617 ’ἒ
1628 558 1848 619 Volunt
1894 558 2085 639 aliqui
2118 552 2523 626 veterummtia-

485 668 732 726 etantius
759 666 900 749 (lib.
941 664 1036 725 III
1059 710 1078 740 ,
1113 688 1240 747 cap.
1284 662 1403 746 18)
1436 689 1452 722 =
1495 692 1523 719 ιι
1565 664 1876 745 Super-esse
1907 665 2157 724 Animas
2194 675 2312 745 post
2340 672 2523 720 mortem.

483 772 846 856 Pythagorici
875 784 933 832 et
959 772 1131 832 Stoici
1173 772 1445 832 dixerunt
1474 794 1491 830 z
1524 793 1732 853 easque
1754 795 1873 831 non
1903 773 2075 830 nasci
2098 814 2115 843 ,
2148 769 2249 829 sed
2273 768 2475 827 insinuari
2494 768 2526 822 in

484 900 746 959 corpora,
775 890 832 937 et
847 877 920 937 de
941 876 1066 937 aliis
1089 878 1151 937 in
1175 878 1286 936 alia
1304 878 1571 959 migrare.
1585 902 1613 930 ιι
1640 874 1789 936 Item
1806 878 2213 936 Damascenus
2225 874 2327 955 (De
2344 868 2525 945 Haere).
2577 916 2578 958 ¹

488 1010 516 1037 «ι
537 984 710 1044 Stoici
739 1006 945 1065 corpus
975 984 1236 1044 occidere
1262 1027 1279 1057 ,
1316 986 1571 1043 animum
1604 1005 1638 1041 a
1666 1004 1905 1063 corpore
1940 985 2009 1042 in
2042 1002 2251 1063 corpus
2272 980 2527 1062 migrarem·
2577 988 2578 1013 ³

479 1090 626 1151 lunt.
660 1118 689 1145 ιι
725 1091 944 1151 Tamen
973 1092 1090 1150 haec
1119 1092 1353 1151 assertio
1382 1090 1522 1149 mihi
1554 1110 1766 1169 anceps
1788 1133 1806 1161 ,
1838 1102 1900 1147 et
1928 1088 2099 1170 apud
2132 1088 2349 1147 idoneos
2370 1096 2529 1143 auctor&

479 1196 595 1256 mle
621 1197 765 1257 nihil
789 1241 807 1271 ,
833 1199 1010 1258 immo
1043 1210 1240 1257 contra
1262 1239 1280 1270 ,
1311 1196 1465 1278 lego.
1512 1194 1657 1255 Nam
1688 1196 1905 1255 Animae
1932 1196 2060 1255 illis
2086 1194 2165 1254 ad
2202 1193 2347 1252 caelos
2368 1190 2525 1249 abeam.

485 1314 544 1362 et
571 1305 859 1364 sociantur
880 1306 1066 1378 astriS‚
1096 1324 1232 1363 mox
1253 1301 1591 1362 videndum.
1624 1303 1711 1361 De
1739 1303 2183 1384 remigi-atione,
2213 1318 2441 1377 nusqmm
2456 1314 2529 1349 ver·

485 1410 625 1470 bum
656 1434 673 1470 ε
706 1411 816 1470 nisi
851 1412 901 1470 si
932 1409 1040 1470 hoc
1085 1410 1413 1491 intellig-unt
1440 1452 1457 1482 ‚
1506 1430 1579 1468 ex
1623 1408 1824 1467 eadem
1862 1410 2152 1469 Universi
2192 1407 2373 1466 Anima
2404 1404 2527 1460 iterun

486 1517 628 1576 alias
647 1516 882 1577 Animas
905 1514 1030 1576 fieri
1046 1559 1063 1589 ,
1083 1528 1141 1575 et
1161 1517 1243 1575 sic
1263 1516 1402 1575 orbe
1426 1514 1673 1596 quodam
1694 1516 1922 1575 immitti
1945 1539 1965 1573 ε
1992 1517 2181 1575 immo
2204 1511 2395 1574 easdem
2412 1508 2525 1566 etiam.

487 1636 616 1704 post
638 1622 846 1685 Mundi
869 1623 1316 1683 innovationem.
1344 1622 1459 1682 Sed
1480 1623 1653 1704 longe
1678 1620 1796 1680 haec
1825 1622 1898 1681 ab
1928 1622 2034 1681 illa
2062 1619 2401 1703 Pythagorica
2422 1636 2528 1692 gam?-

489 1732 732 1813 ψυχῶσει
771 1753 788 1788 =
824 1751 948 1810 quae
991 1738 1077 1789 est
1103 1728 1176 1789 de
1204 1748 1443 1809 corpore
1472 1730 1535 1787 in
1564 1750 1769 1808 corpus
1798 1730 2067 1787 transitio
2088 1773 2108 1803 ,
2162 1740 2219 1788 et
2260 1747 2347 1785 cur
2366 1743 2445 1781 non
2465 1716 2527 1774 h·

484 1836 609 1894 tine
633 1832 1091 1894 Trans-animatio
1113 1834 1146 1893 ?
1166 1832 1256 1893 De
1286 1855 1401 1915 qua
1431 1846 1489 1893 et
1516 1832 1790 1893 Platonici
1816 1833 2000 1893 multa
2018 1878 2035 1909 ,
2062 1834 2289 1915 vulgata
2305 1840 2383 1889 aut
2400 1824 2526 1884 obvia:

489 1936 634 2021 iIuid
659 1951 880 1999 veteres
909 1940 1088 1998 nostri
1118 1936 1310 1999 Galli?
1344 1939 1405 1997 in
1440 1938 1639 1999 eodem
1674 1958 1845 1999 sensu
1869 1938 2130 2000 fuerunt.
2158 1938 2245 1999 An
2269 1958 2299 1996 a
2318 1930 2521 2015 Pythagm

488 2043 740 2105 Druides
773 2042 1097 2118 hauserint,
1133 2030 1365 2115 nescio;
1400 2068 1474 2105 an
1500 2045 1689 2125 potius
1734 2047 1856 2127 ipse
1896 2046 1971 2105 ab
2010 2047 2129 2105 illis
2170 2070 2187 2103 =
2217 2064 2337 2102 nam
2366 2048 2524 2097 auctae

489 2150 715 2227 haheo,
769 2149 1024 2211 «Gallos
1063 2172 1195 2211 eum
1225 2151 1475 2211 audiisse
1504 2162 1563 2210 et
1587 2150 2053 2211 Brachmanas.»
2024 2150 2303 2235 »(clem.
2342 2146 2367 2204 1
2394 2144 2519 2202 suum.

489 2259 594 2320 lib.
628 2257 787 2340 VI.)
829 2257 1127 2353 Gallorum
1171 2258 1406 2340 quidem
1454 2257 1562 2317 hoc
1607 2256 1835 2340 dogma.
1881 2259 2073 2318 Caesar
2110 2283 2127 2318 ε
2168 2255 2349 2316 «Non
2382 2247 2523 2308 inlfflire

493 2365 768 2438 Animas,
801 2363 904 2424 sed
933 2364 1005 2423 ab
1033 2335 1158 2424 aliis
1190 2377 1320 2444 post
1350 2378 1593 2424 mortem
1633 2365 1876 2424 transire
1904 2363 1980 2424 ad
2014 2367 2240 2426 alios.»
2270 2361 2463 2420 Lucanus
2481 2345 2520 2406 *ἃ

492 2473 649 2552 ipsos
677 2470 929 2532 Druidas
955 2469 1096 2552 (lib.
1136 2468 1255 2550 Ῑ).

1095 2635 1110 2649 .
1132 2637 1142 2648 .
1163 2636 1176 2649 .
1193 2634 1207 2649 .
1227 2635 1242 2648 .
1261 2635 1274 2648 .
1293 2635 1308 2650 .
1336 2599 1475 2648 vobis
1496 2599 1775 2649 auctoribus
1794 2637 1809 2662 ,
1835 2601 2019 2651 umbrae

825 2693 938 2741 Non
958 2692 1130 2741 tacitas
1152 2691 1295 2743 Erebi
1318 2689 1456 2741 sedes
1476 2727 1493 2753 ‚
1515 2692 1740 2761 Ditisque
1761 2691 1995 2761 profundi

825 2779 1012 2831 Pallida
1031 2799 1180 2849 regna
1204 2786 1381 2851 petunt
1407 2799 1421 2829 t
1446 2782 1574 2849 regit
1596 2781 1729 2832 idem
1750 2783 1946 2852 spiritus
1963 2789 2097 2834 artus

831 2873 962 2923 Orbe
985 2873 1082 2923 alio
1102 2909 1118 2934 ‚
1151 2873 1309 2940 longae
1326 2909 1343 2935 ,
1370 2873 1541 2923 canitis
1563 2875 1605 2924 si
1630 2875 1827 2943 cognita
1842 2911 1857 2937 ,
1884 2875 2015 2925 τίω.

499 2977 614 3038 Sed
647 2989 706 3038 et
735 2975 1038 3038 Germanis
1069 2977 1341 3038 adscribit
1362 2977 1659 3059 Appianas
1676 2977 1789 3060 (In
1816 2977 2077 3061 Celtico)
2110 3003 2129 3037 ε
2167 3005 2195 3032 κ
2220 2967 2419 3036 Mofibus
2434 2959 2513 3018 fefi-

507 3081 746 3142 audacia
764 3084 1174 3166 promptissimi
1194 3095 1347 3156 sunt,
1368 3095 1425 3142 et
1437 3085 1632 3143 mortis
1646 3097 2061 3166 contemptores
2078 3129 2095 3160 ,
2118 3085 2193 3144 ob
2208 3100 2342 3163 spem
2356 3061 2516 3132 seem&

504 3191 711 3250 iterum
741 3191 890 3250 vitae.
933 3215 960 3243 n
995 3189 1257 3250 Julianus
1287 3189 1494 3263 Caesar,
1542 3191 1712 3250 etiam
1741 3188 1902 3250 Getis
1934 3235 1951 3265 ‚
1981 3191 2191 3272 quibus
2221 3217 2245 3243 α
2268 3174 2511 3247 xamolxim·

504 3296 606 3377 qui
637 3294 790 3377 apud
821 3315 918 3356 cos
944 3295 1168 3369 colitur,
1197 3293 1348 3353 hane
1376 3295 1703 3375 opinionem
1732 3297 2006 3357 insevisse
2036 3323 2063 3350 ιι
2096 3296 2278 3357 scribit
2300 3289 2379 3373 (ln
2400 3283 2511 3341 02⁵*

503 3400 728 3484 ribus.)
777 3402 978 3484 Itaque
1023 3403 1196 3464 iidem
1244 3405 1373 3462 vitae
1420 3389 1645 3486 prodigi
1678 3427 1695 3462 ε
1744 3431 1772 3458 «
1804 3426 1919 3466 non
1963 3407 2109 3465 mori
2130 3451 2149 3480 ,
2180 3403 2271 3464 sed
2293 3399 2513 3476 migffllese

505 3510 919 3570 existimantes.
955 3536 982 3562 ιι
1015 3509 1212 3569 Simile
1242 3509 1453 3568 novelli
1483 3507 1701 3591 aliquot
1726 3509 1881 3571 Indi.
1914 3511 2267 3585 QuinJudaei
2290 3495 2507 3588 posteriores

503 3615 614 3677 hoc
643 3637 836 3677 errore
863 3615 1131 3696 perfusi·
1169 3616 1326 3696 quod
1354 3615 1613 3675 Justinus
1646 3615 1871 3698 Mar-tyr
1896 3629 2055 3676 notat
2079 3616 2106 3700 (
2128 3618 2199 3677 In
2220 3599 2509 3688 Βίαίοςῑήιτι

504 3723 910 3786 Thalmudistae
942 3723 1301 3804 profitentur.
1335 3723 1387 3781 A
1416 3745 1531 3804 qua
1558 3745 1729 3784 causa
1764 3724 1825 3782 in
1855 3720 2041 3783 Sacris
2080 3724 2271 3786 nostris
2298 3713 2411 3778 libris
2429 3699 2503 3782 opi·

501 3835 623 3894 nati
655 3831 1066 3905 scribunturffl
1104 3831 1391 3890 Christum
1430 3851 1555 3892 esse
1584 3843 1685 3892 aut
1713 3829 2057 3906 Jeremiam,
2088 3845 2187 3892 aut
2208 3803 2507 3890 mima-111oel

504 3939 810 4000 Christiani
837 3939 1016 4021 aliqui
1041 3939 1123 3997 sic
1158 3938 1616 3999 dementiverunt
1630 3983 1647 4013 ‚
1682 3938 2050 4020 Carpocrates
2070 3985 2087 4014 ‚
2116 3953 2173 4000 et
2196 3937 2431 4018 origenes·
2420 3925 2503 3978 ³¹⁵¹

499 4047 608 4104 iste
634 4046 814 4127 magis
835 4046 912 4106 ad
939 4044 1254 4105 Platonicos
1275 4067 1545 4106 ascensus
1566 4089 1585 4120 ,
1610 4059 1668 4106 et
1690 4045 1993 4132 descensus
2014 4089 2032 4121 ,
2064 4048 2184 4107 ivit.
2214 4041 2307 4106 sed
2324 4057 2378 4100 ¹10
2394 4023 2503 4088 sm
2577 4068 2578 4130 χ

499 4152 822 4213 omittamus
846 4196 863 4226 ,
897 4153 974 4213 ad
1007 4153 1105 4214 illa
1131 4171 1350 4214 eamus.
2577 4133 2578 4148 ἢ
