2667 4475
693 305 1238 377 EPISTOLA
1295 306 1577 375 CXVI.
2070 312 2199 378 285

42 444 390 527 eoncitat,
423 455 495 509 et
519 438 738 521 vires,
772 436 934 506 dum
967 412 1311 531 procedit,
1353 451 1549 531 parat
1576 462 1595 505 :
1627 434 2009 505 excluditur
2034 436 2205 506 faci-

46 562 184 629 lius
205 610 226 643 ,
258 581 464 651 quam
487 555 876 650 expellitur.
903 554 1081 646 Quis
1109 568 1316 647 negat
1333 602 1357 639 ,
1392 575 1623 623 omnes
1652 554 1933 622 affectus
1968 578 2009 622 a
2036 578 2211 647 quo-

56 679 214 753 dam
246 676 446 769 quasi
473 672 766 742 naturali
797 672 1012 740 fluere
1039 670 1413 764 principio¹
1436 672 1467 738 Ρ
1490 672 1737 741 Curam
1766 670 1963 739 nobis
1996 670 2212 739 nostri

53 808 304 859 natura
336 788 716 874 mandavit3
754 784 912 869 sed,
957 786 1124 854 huic
1151 784 1270 853 ubi
1313 787 1601 855 nimium
1642 785 2047 871 indulseris,
2102 786 2213 854 vi-

55 914 230 979 tium
267 925 397 978 est.
428 907 860 999 Voluptatem
887 922 1130 975 natura
1157 906 1558 973 necessariis
1582 906 1790 1003 rebus
1814 902 2211 991 admiscuit,

55 1051 190 1094 non
218 1041 299 1093 ut
327 1024 512 1091 illam
534 1038 918 1116 peteremus
939 1024 964 1055 ²
984 1069 1004 1099 ,
1037 1018 1161 1088 sed
1185 1036 1263 1089 ut
1289 1043 1371 1087 ea
1391 1070 1414 1104 ‚
1451 1022 1599 1089 sine
1629 1020 1879 1114 quibus
1906 1045 2045 1090 non
2067 1045 2221 1115 pos-

62 1166 300 1211 sumus
335 1141 611 1225 vivere,
651 1138 950 1231 gratiora
989 1136 1190 1206 nobis
1235 1137 1421 1206 illius
1460 1136 1714 1206 faceret
1748 1140 2044 1207 accessio
2090 1165 2107 1206 τ
2162 1140 2219 1206 si

67 1282 186 1327 suo
222 1257 462 1324 veniat
484 1255 646 1346 jure
668 1250 692 1289 ³
717 1304 736 1336 ‚
778 1253 1050 1322 luxuria
1087 1268 1218 1321 est.
1265 1257 1449 1347 Ergo
1494 1254 1909 1323 intrantibus
1944 1256 2218 1323 resista·
2269 1256 2305 1323 4

69 1364 307 1458 mus⁴,
367 1372 530 1461 quia
579 1368 846 1437 facilius
870 1417 891 1450 ,
945 1383 1025 1436 ut
1071 1365 1258 1453 dixi,
1301 1391 1439 1436 uon
1490 1370 1918 1463 recipiuntur
1939 1420 1957 1453 ,
2019 1393 2224 1463 quam

71 1503 350 1557 exeunt.
391 1524 471 1537 —
507 1484 988 1577 Aliquatenus,
1027 1484 1299 1575 inquis,
1334 1482 1571 1552 dolere
1589 1534 1612 1570 ,
1662 1486 2089 1577 aliquatenus
2124 1484 2227 1551 ti-

75 1630 278 1673 mere·
293 1599 655 1697 permitte!
699 1639 776 1653 —
811 1598 948 1669 Sed
977 1598 1151 1668 illud
1179 1602 1595 1697 aliquatenus
1614 1593 1641 1637 ⁵
1674 1600 1877 1695 longe
1906 1600 2230 1695 produci-

79 1737 226 1806 tur3
260 1742 433 1802 nee,
464 1717 586 1786 ubi
613 1718 754 1802 vis,
791 1716 1041 1810 accipit
1075 1715 1306 1784 finem.
1350 1717 1661 1810 Sapienti
1684 1710 1745 1801 ⁶,
1779 1743 1918 1787 uon
1942 1716 2229 1785 sollicite

80 1837 430 1907 custodire
466 1858 540 1903 se
558 1884 582 1921 ,
627 1850 847 1902 tutum
881 1847 1019 1920 est3
1057 1848 1126 1901 et
1163 1832 1477 1903 lacrimas
1508 1859 1661 1904 suas
1704 1852 1773 1904 et
1804 1836 2182 1931 voluptates
2205 1884 2227 1919 ,

79 1955 199 2023 ubi
227 1953 454 2037 volet,
488 1953 677 2020 sistet
709 1977 726 2017 ε
760 1948 992 2033 nobis,
1031 1951 1194 2043 quia
1226 1974 1366 2019 non
1400 1967 1503 2020 est
1533 1952 1809 2048 regredi
1844 1953 2080 2039 facile,
2112 1978 2238 2049 op-

85 2072 324 2137 timum
358 2081 458 2134 est
483 2065 759 2134 omniuo
794 2088 936 2131 non
970 2062 1324 2158 progredi.
1366 2066 1734 2161 Eleganter
1764 2069 1934 2135 mihi
1965 2067 2239 2136 videtur

88 2182 476 2252 Panaetius⁷
529 2174 958 2273 respondisse
1005 2176 1507 2248 adolescentulo
1538 2178 1809 2249 cuidam
1845 2182 2177 2272 quaerenti
2216 2205 2235 2248 ι

91 2302 196 2368 An
221 2299 498 2392 sapiens
519 2311 864 2365 amaturus
896 2297 1123 2364 esset?
1162 2322 1194 2360 <t
1225 2297 1329 2363 De
1366 2297 1721 2389 Sapiente‚
1756 2298 2019 2388 inquit,
2049 2295 2243 2366 vide·
2291 2314 2321 2366 5

92 2416 316 2483 bimus
345 2442 362 2482 ς
393 2413 564 2480 mihi
583 2428 651 2480 et
681 2411 802 2480 tibi
821 2461 839 2492 ‚
870 2412 990 2503 qui
1007 2411 1234 2480 adhuc
1250 2434 1291 2478 a
1307 2412 1627 2503 Sapiente
1652 2412 1855 2502 louge
1882 2410 2201 2479 absumus
2216 2459 2237 2492 ‚

95 2557 230 2600 non
259 2546 370 2600 est
392 2527 981 2609 committendum,
1022 2540 1099 2594 ut
1124 2526 1503 2596 incidamus
1531 2529 1607 2595 in
1633 2553 1777 2597 rem
1806 2545 2199 2597 commotam
2217 2577 2241 2612 ,

101 2657 540 2750 impotentem
557 2702 582 2738 ‚
613 2651 815 2721 alteri
839 2650 1330 2744 emancipatam
1351 2645 1378 2689 ⁸
1403 2701 1422 2736 ‚
1455 2651 1663 2722 vilem
1691 2652 1846 2720 sibi.
1880 2653 2037 2721 Sive
2066 2655 2247 2721 enim

100 2917 186 2950 ms.
205 2917 260 2949 a.
277 2915 400 2950 eum
425 2894 532 2948 Pal.
555 2899 587 2946 1*
601 2906 651 2947 et
668 2895 714 2961 4.
737 2893 1008 2965 Pei-peram
1021 2890 1130 2944 vul·
1229 2912 1334 2946 uon
1361 2905 1418 2947 ut
1441 2896 1674 2950 ministra
1692 2935 1708 2963 ,
1734 2897 1823 2951 sed
1852 2897 2079 2952 domina.
2100 2897 2253 2967 Lips-

101 2995 162 3048 go
183 2977 248 3029 ob
272 2975 388 3028 hoc.
415 2971 576 3026 Schoe.
1295 2973 1344 3038 4.
1382 2973 1529 3045 Eupo
1568 2979 1889 3030 intrantibus
1930 2981 2253 3030 resistamus.

167 3049 997 3125 1.Quasinaturali...prince‘pio?
1015 3050 1133 3100 Nou
1231 3049 1369 3102 Vide
1386 3052 1411 3104 1
1430 3052 1492 3104 de
1513 3053 1593 3105 Ira
1618 3073 1661 3106 c.
1689 3073 1716 3118 ⁷
1744 3066 1793 3106 et
1815 3052 1862 3105 8.
1885 3052 2035 3124 Lips.

109 3133 238 3185 euim
261 3152 384 3185 vere
409 3129 630 3183 naturali
652 3146 666 3181 ε
689 3147 808 3180 uam
826 3127 898 3182 sic
913 3127 1039 3180 boui
1057 3145 1135 3178 es·
1300 3131 1347 3182 5.
1381 3127 1749 3198 Aliquaoenus.
1784 3131 2023 3204 Spectant
2055 3130 2167 3186 hoee
2190 3131 2259 3184 ad

109 3223 217 3265 sent
235 3213 448 3264 affectus
465 3247 480 3274 ‚
501 3207 622 3279 quia
644 3226 750 3259 esse
769 3205 987 3258 nimium
1012 3225 1138 3257 om-
1234 3205 1687 3278 Peripateticorum
1704 3207 2099 3262 mediocritatem
2115 3208 2257 3262 illam

109 3310 172 3343 ne
211 3287 446 3342 naturale
473 3306 578 3338 non
605 3296 780 3360 potest.
806 3283 947 3355 Zeno
970 3295 1136 3335 autem
1234 3283 1531 3338 morborum
1554 3304 1595 3338 s.
1621 3287 1913 3340 affectuum.
1934 3285 2119 3340 Ruhk.

109 3366 505 3439 perturbationes
537 3369 600 3432 (s.
631 3363 863 3428 affectus)
891 3361 1140 3414 volunta·
1299 3364 1351 3418 6.
1366 3363 1657 3434 Sapienti...
1678 3377 1769 3418 est.
1795 3367 1953 3419 Tutus
1969 3379 2043 3419 est
2062 3365 2261 3439 sapiens
2456 3387 2473 3418 s

111 3444 202 3495 rias
223 3463 328 3495 esse
349 3441 553 3514 putabat
567 3477 582 3505 ,
602 3437 960 3512 opinionisque
987 3436 1134 3510 judi-
1237 3443 1483 3517 perfectus
1505 3481 1522 3508 ,
1550 3443 1641 3496 etsi
1664 3443 1775 3497 sine
1808 3443 2149 3498 sollieitudine
2174 3465 2262 3497 eu·

113 3525 186 3575 cio
208 3522 412 3594 suscipi,
441 3534 532 3574 ete.
548 3520 712 3574 Cicer.
733 3519 1032 3586 Academ.1,
1059 3539 1136 3573 ιο.
1236 3520 1423 3574 stodiat
1446 3540 1517 3574 se.

117 3601 288 3652 Ruhk.
1310 3621 1355 3670 7.
1377 3601 1669 3653 Panoetius.
1689 3597 1951 3665 Rhodius,
1972 3599 2164 3672 junior,
2188 3621 2266 3654 ce·

181 3699 224 3730 2.
256 3681 379 3732 Non
409 3686 468 3729 ut
492 3679 646 3729 illam
663 3685 971 3742 peteremus.
994 3673 1136 3726 Tan·-
1239 3678 1537 3733 leberrimus
1563 3678 1793 3741 Stoicus,
1822 3697 1975 3748 quem
2009 3677 2187 3732 Cicero
2208 3678 2266 3730 in

122 3775 266 3826 quam
283 3775 542 3809 summum
557 3754 770 3816 bouum,
787 3769 929 3822 aeque
945 3772 1004 3805 ac
1021 3750 1148 3825 Epi·
1241 3760 1377 3813 lihm
1407 3759 1471 3812 <10
1502 3756 1655 3813 offic.
1682 3759 1977 3831 plerumque
2006 3759 2231 3830 ,equitur
2246 3797 2263 3822 ,

123 3837 266 3889 eurei.
295 3836 680 3888 Tiedemannus
717 3851 978 3905 perperam
1008 3830 1148 3884 huuc
1245 3836 1501 3910 Scipionis
1519 3835 1733 3890 minoris
1753 3855 1949 3904 comes,
1972 3835 2131 3890 multa
2144 3834 2269 3889 scri-

123 3913 284 3966 btum
307 3912 694 3978 3⁰²011213221112
717 3931 765 3984 P·
790 3909 900 3981 ¹95·
921 3907 1147 3980 Syn-R·
1243 3915 1375 3986 psit,
1416 3933 1555 3966 nuuc
1592 3913 1872 3986 deperdita.
1926 3912 2005 3966 Cf.
2044 3909 2268 3965 Fabricii

181 3991 227 4047 3.
245 3992 312 4045 Sa·
331 4011 428 4044 suo
445 3989 870 4054 veniaeturednt.
885 3987 930 4040 si
942 3985 1113 4039 veniat
1129 4027 1145 4054 ‚
1246 3993 1383 4047 Bibl.
1411 4013 1487 4066 gr.
1515 3991 1637 4045 Vol.
1659 3991 1739 4044 111
1760 4029 1775 4056 ,
1801 4012 1850 4063 p.
1874 3989 1969 4059 567
1997 4009 2071 4060 aq.
2091 3987 2273 4040 Ruhk.

125 4088 222 4120 uon
261 4082 320 4122 ut
349 4067 622 4122 accessoria
641 4107 656 4134 ,
695 4067 784 4122 sed
821 4065 1112 4141 principalis
1129 4103 1146 4131 ‚
1314 4073 1363 4126 8,
1384 4072 1816 4138 Alteriemaneae‘p.
1830 4069 1967 4138 Quia
1984 4078 2107 4122 tnnc
2118 4066 2272 4121 eervi-
