2667 4475
712 346 1262 421 EPISTOLA
1309 348 1563 419 cxx.
1742 428 1750 439 ,
2082 358 2217 451 319

63 480 310 578 rapido
347 481 544 551 alveo
577 480 916 561 fluminis,
953 495 1032 548 ut
1067 496 1368 549 armatus
1396 487 1417 518 ¹
1437 530 1457 565 ,
1498 504 1701 575 quam
1728 498 1805 552 ut
1830 485 2219 556 salvus'exi-

65 618 174 671 ret
188 654 209 685 ,
232 616 502 670 retento
521 622 862 667 armorum
887 597 1270 667 victricium
1291 598 1541 668 decore
1557 650 1581 687 ,
1614 618 1748 671 tam
1766 618 1951 672 tutus
1968 606 2210 691 rediit,

63 744 272 813 quam
297 718 358 785 si
389 733 598 811 ponte
617 720 645 751 ²
672 716 996 783 venisset.
1043 716 1206 782 Haec
1232 728 1302 783 et
1326 712 1716 808 hujusmodi
1758 716 1933 787 facta
1967 721 2220 813 imagi-

63 854 228 901 nem
257 829 457 899 nobis
483 827 844 898 ostendere
871 828 1210 897 Virtutis.·

163 947 507 1041 Adjiciam
529 996 550 1028 ,
598 944 784 1038 quod
819 945 1066 1014 mirum
1101 944 1382 1015 fortasse
1407 945 1764 1016 videatur:
1799 948 1973 1017 mala
2008 950 2221 1019 inter—

69 1064 232 1133 dum
257 1064 550 1157 speciem
573 1062 842 1131 honesti
873 1058 1266 1129 obtulerunt
1285 1110 1306 1145 ‚
1337 1077 1408 1129 et
1426 1064 1755 1157 optimum
1775 1086 1855 1133 ex
1878 1062 2223 1136 contrario

67 1184 306 1251 nituit.
349 1181 524 1250 Sunt
557 1180 740 1247 enim
763 1173 818 1263 ³,
849 1192 928 1246 ut
963 1178 1094 1246 scis
1115 1226 1133 1260 ,
1169 1178 1553 1248 Virtutibus
1588 1182 1756 1250 vitia
1781 1183 2075 1251 confinia
2100 1234 2119 1269 ,
2154 1201 2223 1255 et

67 1297 362 1393 perditis
391 1318 666 1389 quoque
687 1318 771 1363 ac
793 1295 1109 1389 turpibus
1134 1296 1305 1364 recti
1337 1296 1711 1367 similitudo
1732 1314 1859 1367 est.
1886 1270 2001 1369 'sic
2026 1326 2225 1370 men-

69 1420 241 1483 titur
259 1412 590 1508 prodigus
611 1412 963 1481 liberalem
986 1438 1005 1496 3
1033 1434 1244 1504 quum
1269 1412 1957 1504 plurimum-intersit,
1994 1434 2221 1486 utrum

69 1535 226 1625 quis
253 1532 418 1601 dare
434 1530 600 1599 sciat
619 1578 640 1611 ‚
675 1552 761 1596 an
791 1550 1063 1596 servare
1085 1530 1367 1597 nesciat.
1395 1530 1638 1614 Multi,
1672 1532 1949 1624 inquam
1967 1583 1988 1615 ,
2024 1549 2217 1618 sunt,

70 1648 341 1733 Lucili,
382 1648 502 1741 qui
549 1668 688 1715 non
737 1643 992 1713 donant
1012 1691 1032 1726 ,
1089 1642 1212 1711 sed
1247 1644 1663 1739 projiciunt3
1708 1672 1847 1719 non
1893 1672 2061 1718 voco
2094 1672 2223 1741 ego

70 1763 424 1833 liberalem
440 1812 464 1849 ,
492 1760 802 1855 pecuniae
823 1782 962 1829 suae
981 1760 1256 1826 iratum.
1277 1758 1591 1829 Imitatur
1606 1762 2029 1856 negligentia
2057 1764 2229 1832 saci-

72 1878 370 1957 litatem,
412 1876 755 1945 temeritas
791 1870 1289 1943 fortitudinem.
1324 1877 1489 1944 Haec
1516 1898 1641 1943 nos
1664 1876 2037 1955 similitudo
2064 1902 2223 1947 coe-

75 1996 170 2088 git
207 1991 562 2062 attendere
581 2038 604 2077 ‚
651 2006 720 2059 et
766 1990 1188 2084 distinguere
1209 1992 1461 2084 specie
1510 1992 1789 2085 quidem
1830 1994 2059 2063 vicina
2081 2043 2102 2078 ‚
2148 2016 2225 2061 re

72 2128 300 2181 autem
342 2108 716 2204 plurimum
755 2110 938 2177 inter
983 2130 1056 2176 se
1093 2090 1517 2178 dissidentia.
1563 2112 1741 2179 Dum
1786 2112 2225 2181 observamus

74 2254 230 2316 eos,
275 2249 448 2321 quos
473 2225 780 2320 insignes
811 2224 1164 2318 egregium
1203 2249 1375 2319 opus
1404 2226 1697 2310 fecerat,
1732 2228 2059 2322 coepimus
2092 2251 2223 2296 an-

63 2363 314 2442 ·notare
334 2392 359 2429 ‚
425 2342 583 2442 quis
637 2365 782 2409 rem
831 2340 1134 2433 aliquam
1187 2365 1519 2436 generoso
1572 2345 1801 2412 animo
1851 2337 2121 2413 fecisset
2158 2359 2229 2411 et

79 2481 322 2554 magno
349 2457 632 2550 impetu.
666 2453 802 2524 Sed
823 2449 1072 2524 semel⁴
1104 2455 1293 2524 hunc
1318 2453 1614 2524 vidimus
1644 2459 1714 2523 in
1742 2457 1923 2525 bello
1953 2456 2219 2536 fortem,

79 2577 148 2644 in
183 2579 328 2646 foro
363 2573 723 2661 timidum3
752 2575 1052 2640 animose
1091 2589 1563 2667 paupertatem
1595 2573 1923 2644 ferentem
1948 2625 1967 2658 ,
2002 2575 2231 2644 humi-

82 2692 238 2762 liter
283 2689 634 2760 infamiam
677 2716 692 2756 ε
735 2690 986 2758 factum
1033 2689 1453 2758 laudavimus
1489 2739 1507 2773 ,
1552 2693 2075 2785 contempsimus
2128 2691 2235 2757 vi-

81 2833 254 2878 rum.
299 2807 532 2878 Alium
565 2806 862 2890 vidimus
887 2805 1212 2875 adversus
1239 2809 1495 2876 amicos
1526 2807 1903 2902 benignum
1923 2860 1942 2893 ,
1984 2807 2233 2882 adver·
2294 2849 2301 2858 ·

85 3031 252 3100 nobis,
273 3045 338 3086 ut
361 3030 484 3084 dolo
513 3029 808 3093 violamur,
837 3027 978 3097 quasi
1007 3048 1110 3080 ne·-
1207 3028 1332 3081 Tres
1358 3029 1507 3082 codd.
1534 3042 1579 3084 et
1606 3030 1690 3082 ed.
1714 3030 1923 3100 antiqua
1945 3051 1957 3082 :
1980 3034 2031 3082 si
2046 3039 2241 3099 sponte.

85 3108 394 3177 quiverimus
430 3107 617 3160 virtute
635 3144 652 3172 ,
691 3106 886 3160 bellum
925 3123 1110 3178 perpe-
1206 3105 1389 3158 Ruhlae.
1402 3109 1595 3159 ——Tnm
1616 3120 1727 3161 tnto
1747 3128 1837 3182 per
1852 3127 2035 3178 aquam
2054 3147 2069 3178 ,
2089 3129 2241 3180 qnam

87 3201 250 3244 tresue.
276 3189 462 3242 Butae.
1205 3185 1249 3237 si
1273 3206 1363 3258 per
1384 3194 1609 3258 pontem.
1663 3188 1674 3204 ³

153 3289 170 3320 ι
181 3305 195 3319 .
211 3269 492 3320 Amatus.
509 3267 666 3320 Sento
683 3278 732 3318 et
748 3264 942 3338 gladio,
960 3265 1111 3332 ὅπλῳ.
1277 3263 1326 3315 3.
1340 3262 1675 3316 Sumem‘m...
1686 3265 1983 3317 similitudo
1992 3275 2084 3317 est.
2098 3264 2241 3316 Idem

90 3344 165 3396 Cr.
188 3344 382 3418 Cnpeti
400 3344 548 3398 Obss.
573 3345 628 3409 1,
657 3363 683 3412 7
712 3363 758 3416 p.
783 3344 848 3409 43
872 3341 952 3393 ed.
975 3341 1106 3415 Lips.
1207 3339 1441 3392 observat
1456 3353 1629 3394 noster
1644 3342 1711 3392 de
1734 3339 2017 3394 Clementia
2038 3341 2091 3404 1,
2118 3341 2170 3405 3,
2200 3359 2244 3398 ι.

91 3421 624 3476 Rama—«Tiberine
643 3433 798 3496 pater,
821 3418 1014 3488 inquit,
1035 3431 1108 3483 te,
1211 3419 1292 3470 cf.
1323 3417 1553 3470 Curtium
1593 3419 1661 3472 sd
1693 3418 1896 3472 Sallust.
1936 3420 2001 3472 de
2036 3420 2097 3472 B.
2134 3419 2243 3471 Cat.

92 3512 268 3568 saum,
287 3518 465 3572 precor
484 3497 595 3551 boc
611 3515 752 3550 arms
763 3508 813 3548 et
825 3495 963 3548 hunc
976 3493 1116 3546 mili·
1211 3516 1254 3548 e.
1282 3495 1374 3548 xl.
1414 3495 1641 3566 Propter⁴
1668 3495 1803 3549 hanc
1840 3496 2077 3548 viciniam
2104 3497 2246 3552 -vitia

95 3589 186 3632 tem
210 3578 434 3653 propitio
457 3576 668 3630 flumine
691 3574 921 3649 accipias.
945 3575 1018 3626 lta
1040 3572 1118 3626 sic
1213 3572 1471 3626 interdum
1484 3573 1729 3626 virtutum
1745 3574 1949 3626 laudern
1965 3576 2240 3650 accipiunt,

97 3671 304 3711 armum
327 3656 388 3710 in
407 3655 636 3708 Tiberim
659 3653 890 3719 desiluit3
915 3651 1122 3704 multis-
1211 3651 1444 3724 inprimis
1470 3653 1602 3726 apud
1628 3652 1915 3706 adulatores
1934 3671 1947 3707 ε
1966 3655 2082 3707 vide
2106 3677 2245 3730 egre·

99 3751 187 3804 que
200 3732 692 3807 superincidentibus
715 3731 828 3786 telis
845 3730 1116 3784 incolumis
1214 3731 1358 3800 gium
1384 3729 1479 3782 hac
1505 3729 1567 3782 de
1592 3749 1645 3782 rc
1670 3730 1837 3782 locum
1864 3731 2095 3786 Platonis
2118 3735 2246 3800 Vll,

98 3812 156 3862 ad
180 3833 296 3866 mos
321 3811 566 3877 tranavit,
595 3831 703 3862 rem
725 3829 872 3865 ausus
897 3809 1006 3884 plns
1026 3812 1118 3862 sa-
1220 3812 1284 3862 55
1308 3808 1416 3877 bip.
1446 3811 1642 3862 Luci-et.
1669 3809 1767 3872 IV,
1801 3829 1817 3860 ι
1832 3811 1925 3876 ι54
1950 3829 2023 3882 sq.
2048 3824 2096 3864 et
2120 3831 2249 3883 quos

97 3905 190 3942 ma
223 3889 518 3942 babituram
550 3890 616 3941 nd
660 3900 880 3961 posteros
897 3925 914 3955 ,
957 3905 1112 3957 quam
1215 3885 1389 3940 laudat
1432 3885 1621 3940 Jacobs
1672 3887 1888 3941 amiciss.
1938 3889 2004 3940 ad
2057 3889 2251 3942 Brunk.

99 3965 226 4021 fidei.
243 3989 272 4017 a
297 3969 400 4021 Tit.
427 3969 536 4022 Litr.
557 3967 650 4021 lib.
673 3967 724 4018 ll
745 4005 762 4034 ,
790 3985 865 4021 ιο.
1218 3963 1368 4017 Anal.
1398 3964 1673 4017 Animadv.
1698 3965 1815 4018 Vol.
1845 3967 1935 4018 lll-
1968 3965 2026 4018 P.
2060 3967 2168 4032 111,
2202 3989 2249 4039 p.

165 4069 208 4100 2.
239 4047 310 4102 Sa·
343 4057 512 4117 paule.
542 4047 631 4100 sie
669 4047 866 4100 Eram.
897 4057 944 4098 et
967 4043 1118 4097 codd.
1222 4045 1301 4107 54.
1325 4041 1509 4095 Rublc.

99 4143 204 4196 pers
224 4143 242 4178 t
256 4125 532 4180 Pincianus
547 4125 668 4179 inde
683 4124 826 4178 feeit:
843 4125 892 4176 si
910 4141 939 4175 e
953 4133 1123 4191 ponte.
1287 4123 1334 4186 4.
1360 4120 1471 4174 Sed
1486 4124 1650 4173 semel
1667 4119 1800 4173 hunc
1824 4139 1875 4172 υ.
1904 4121 1989 4175 Sic
2012 4121 2251 4193 conjunxi
