2667 4475
1070 56 1101 67 α

734 280 1271 353 EPISTOLA
1318 283 1612 354 CVIII.
2125 293 2256 358 225

113 411 375 482 Attalus
399 411 713 483 culcitam
738 461 759 496 ‚
791 436 945 507 quae
979 414 1323 483 resisteret
1349 414 1623 507 corpori
1667 440 1684 481 ε
1725 414 1842 483 tali
1869 429 2028 483 utor
2053 416 2260 485 etiam

112 554 311 598 senex
331 579 355 617 ‚
396 531 473 598 in
510 554 647 623 qua
682 531 1051 624 vestigium
1086 553 1424 624 apparere
1461 553 1602 599 non
1639 531 1874 623 possit.

202 648 371 715 Haec
390 646 633 731 retuli,
670 662 744 715 ut
772 646 1135 741 probarem
1162 645 1289 715 tibi
1312 694 1331 731 ,
1361 668 1564 739 quam
1591 646 2028 716 vehementes
2055 647 2264 717 habe-1

113 779 261 832 rent
286 764 615 833 tirunculi
649 766 945 858 impetus
971 764 1227 857 primos
1250 762 1341 831 ad
1367 765 1618 856 optima
1654 787 1946 857 quoeque
1965 812 1986 845 ,
2021 765 2080 832 si
2106 766 2261 857 quis

114 882 587 949 exhortaretur
624 880 813 965 illos,
856 882 913 949 si
964 880 1121 972 quis
1154 879 1562 973 impelleret.
1605 877 1744 949 Sed
1776 879 2042 972 aliquid
2081 902 2262 974 prae-

116 998 513 1091 cipientium
537 997 704 1066 vitio
732 1010 1057 1089 peccatur
1082 1046 1099 1079 ‚
1126 996 1249 1089 qui
1269 1020 1396 1064 nos
1424 995 1671 1065 docent
1691 995 2040 1088 disputare
2058 1045 2082 1082 ,
2116 1021 2264 1065 non

116 1116 379 1201 vivere3
423 1113 688 1206 aliquid
724 1112 1130 1181 discentium
1150 1160 1167 1195 ,
1211 1113 1329 1204 qui
1368 1111 1787 1204 propositum
1833 1110 2130 1179 afferunt
2173 1110 2266 1181 ad

117 1246 563 1325 praeceptores
588 1230 744 1299 suos
765 1279 789 1316 ,
818 1253 961 1298 non
984 1230 1281 1298 animum
1310 1224 1710 1309 excolendi,
1736 1224 1856 1294 sed
1874 1227 2256 1321 ingenium.

118 1348 347 1439 Itaque
366 1396 391 1433 ,
434 1371 583 1439 quae
609 1346 1039 1437 Philosophia
1064 1345 1195 1413 fuit
1219 1394 1239 1427 ‚
1282 1342 1458 1411 facta
1477 1342 1858 1433 Philologia
1878 1346 1894 1377 ¹
1930 1356 2052 1411 est.
2081 1342 2265 1411 Mul·
2317 1360 2384 1424 24

120 1480 251 1531 tum
278 1478 507 1533 autem
540 1462 631 1531 ad
676 1486 820 1531 rem
854 1462 1193 1556 pertinet,
1245 1483 1385 1553 quo
1413 1460 1762 1552 proposito
1797 1457 1887 1527 ad
1923 1483 2266 1553 quamque

121 1602 255 1649 rem
277 1585 305 1615 ²
356 1578 667 1649 accedas.
721 1578 865 1672 Qui
900 1628 919 1661 ‚
970 1578 1470 1647 Grammaticus
1525 1575 1792 1644 futurus
1814 1626 1838 1659 ,
1897 1574 2266 1667 Virgilium

123 1711 491 1781 scrutatur,
531 1719 669 1764 non
701 1694 835 1763 hoc
870 1694 1097 1761 animo
1130 1693 1297 1786 legit
1330 1690 1508 1761 illud
1541 1693 1892 1788 egregium
1921 1742 1939 1775 ‚

448 1874 699 1892 ........
726 1836 885 1912 Fugit
903 1835 1231 1909 irreparabile
1252 1849 1448 1911 tempus
1465 1838 1490 1872 ³
1510 1854 1523 1889 τ

124 1960 532 2055 vigilandum
557 1956 703 2028 est!
732 1959 865 2027 nisi
888 1978 1331 2053 properamus
1355 2008 1376 2043 ,
1401 1960 1876 2053 relinquemur
1897 1990 1918 2049 3
1941 1954 2086 2055 agit
2109 1986 2257 2045 nos,

124 2081 482 2172 agiturque
506 2076 705 2147 velox
740 2076 930 2162 dies3
971 2076 1171 2143 inscii
1208 2077 1562 2170 rapimur3
1599 2080 1824 2145 omnia
1854 2079 1928 2145 in
1962 2070 2266 2147 futurum

128 2191 537 2290 disponimus
552 2244 571 2277 ‚
606 2208 677 2262 et
694 2193 877 2260 iuter
896 2192 1279 2286 praecipitia
1296 2190 1468 2260 lenti
1497 2216 1728 2260 sumus
1753 2218 1767 2258 ι
1793 2189 1915 2260 sed
1932 2207 2011 2260 ut
2028 2192 2268 2262 obser-
2321 2220 2382 2274 25

125 2327 265 2394 vet,
306 2312 579 2404 quoties
602 2309 939 2402 Virgilius
978 2307 1064 2376 de
1094 2307 1440 2377 celeritate
1473 2324 1856 2401 temporum
1884 2306 2086 2392 dicit,
2131 2309 2266 2376 hoc

126 2427 218 2493 uti
248 2425 463 2496 verbo
498 2425 691 2494 illum
722 2474 742 2509 ‚
767 2425 981 2518 fugit.

444 2568 647 2641 Optima
672 2585 887 2639 queque
914 2566 1020 2620 dies
1042 2563 1241 2620 miseris
1264 2565 1560 2619 mortalibus
1585 2565 1683 2619 oevi

444 2653 618 2705 Prima
640 2652 773 2726 fugit
794 2651 1045 2704 :subeunt
1066 2651 1231 2703 morbi
1253 2688 1267 2716 ,
1292 2649 1549 2722 tristisque
1571 2663 1799 2704 senectus
1817 2687 1834 2714 ‚

444 2739 515 2792 Et
538 2738 707 2805 lahor3
734 2749 784 2790 et
806 2737 947 2792 dum
972 2736 1104 2809 rapit
1124 2735 1454 2790 inclementia
1473 2737 1652 2790 mortis
1665 2738 1704 2788 ⁴.

128 2858 277 2946 Ille,
317 2861 440 2953 qui
465 2857 554 2928 ad
589 2857 1102 2951 Philosophiam
1122 2850 1416 2951 spectat,
1451 2856 1600 2926 haec
1634 2857 1872 2928 eadem
1906 2908 1926 2942 ,
1967 2883 2104 2952 quo
2138 2857 2266 2928 de-

129 2976 232 3045 bet
252 3028 269 3061 ‚
325 2969 675 3046 adducit⁵.
731 2978 1095 3067 Nunquam
1147 2975 1478 3070 Virgilius
1498 3026 1518 3059 ,
1579 2977 1806 3070 inquit
1834 3027 1855 3058 ,
1905 2978 2046 3044 dies
2096 2975 2267 3048 dicit

130 3095 235 3173 ire,
264 3093 387 3162 scd
398 3094 674 3185 fisger'e,
698 3089 883 3184 quod
909 3087 1233 3159 currendi
1267 3114 1482 3182 genus
1506 3091 2099 3161 concitatissimum
2121 3111 2258 3180 θείς

137 3233 165 3272 α
197 3226 263 3279 et
287 3211 576 3304 optimos
599 3231 916 3318 guosque
944 3207 1201 3300 primos
1227 3207 1378 3300 rapi
1409 3233 1440 3270 η
1485 3234 1500 3274 :
1535 3205 1706 3299 quid
1729 3227 1897 3302 ergo
1927 3233 2265 3280 cessamus

194 3447 232 3479 ι.
244 3428 559 3500 Philologe'a.
580 3427 709 3480 lude
724 3428 787 3480 ab
806 3425 1143 3480 Eratosthene
1240 3423 1414 3478 tritico
1431 3424 1734 3479 intellexisse
1751 3438 1881 3498 patet
1901 3447 1927 3479 c
1943 3427 2050 3497 §30
2067 3467 2079 3495 ,
2097 3429 2176 3482 31.
2196 3429 2265 3483 R.

133 3503 287 3568 (mort.
306 3525 405 3560 noo
428 3519 544 3562 ante
570 3505 759 3560 Christ·
792 3502 1141 3570 Alexandriae)
1309 3523 1355 3555 2-
1383 3506 1480 3557 Ad
1509 3524 1776 3575 qua-mque
1805 3525 1931 3559 rem.
1959 3507 2050 3562 Sic:
2091 3509 2264 3564 Schw,

132 3584 340 3638 studium
362 3583 625 3660 multiplex
642 3585 889 3655 variaque
911 3583 1143 3636 doctriua
1238 3581 1410 3654 Vulgo
1435 3584 1515 3634 ad
1529 3602 1694 3652 quam
1721 3603 1848 3636 rem.

134 3673 307 3732 poetae,
350 3662 701 3734 grammatici,
745 3661 936 3726 critici,
970 3659 1145 3728 histo·
1304 3659 1352 3712 3.
1386 3659 1626 3731 Tempus.
1650 3660 1838 3714 Versus
1863 3663 2048 3738 virgil.
2071 3677 2146 3718 est
2167 3665 2264 3718 Ge.

136 3737 215 3792 riti
238 3777 255 3807 ,
280 3755 373 3796 etc.
404 3741 639 3795 denotari
672 3739 824 3813 coepit
860 3739 955 3793 hac
977 3760 1102 3793 voce
1122 3781 1138 3808 ,
1239 3738 1318 3790 111
1336 3777 1351 3804 ,
1385 3739 1495 3804 284.
1519 3737 1703 3790 Ruhk.

136 3816 393 3890 Ateiusque
418 3818 796 3872 Grammaticus
822 3818 1001 3871 Romae
1024 3817 1143 3891 pri-
1302 3817 1353 3882 4.
1387 3818 1672 3886 Optima...-
1702 3822 1904 3875 mortis.
1931 3819 2118 3874 Versus
2145 3835 2266 3875 sunt

134 3909 235 3946 mus
266 3895 395 3951 hanc
422 3895 813 3968 appellationem
840 3895 1141 3967 assumpsitg
1238 3895 1477 3971 Virgilii,
1499 3895 1692 3968 Georg.
1715 3896 1820 3960 111,
1847 3894 1913 3948 66
1937 3917 2012 3968 sq.

136 3987 319 4031 auctore
354 3977 599 4031 Suetonio
645 3977 710 4029 de
746 3976 924 4029 illustr.
944 3975 1142 4028 Gram-
1304 3981 1350 4030 5.
1375 3976 1628 4030 Adducs't.
1647 3975 1736 4028 sie
1757 3995 1812 4027 a.
1845 3996 1886 4030 c.
1925 3977 1998 4028 R.
2024 3979 2094 4031 A.
2118 3977 2176 4030 S.
2197 4005 2266 4022 ..-

137 4055 289 4108 mstie.
323 4077 365 4111 e.
396 4076 469 4110 ιο.
500 4058 747 4112 Senecam
774 4056 903 4110 hauc
930 4075 1039 4110 voc.
1078 4055 1141 4109 de
1240 4048 1418 4127 Vulgo
1445 4055 1660 4108 abducit
1677 4055 1814 4124 quod
1841 4055 2029 4125 optime
2049 4055 2266 4130 intellig.

363 4155 485 4223 IV.
1935 4152 2015 4218 15
