2667 4475
692 318 1232 389 ErlsTotA
1279 320 1619 389 cxvn.
2102 304 2233 414 '²99

69 452 524 523 obstetricem
551 456 564 485 ¹
591 452 998 545 parturienti
1027 452 1184 521 filiae
1201 451 1531 522 sollicitus
1554 453 1863 536 arcessit,
1898 456 1923 486 ⁸
1936 450 2235 529 edictum

71 586 148 639 et
186 567 514 639 ludorum
551 565 862 638 ordinem
897 567 1238 661 perlegit.
1273 592 1505 649 nemo,
1544 569 1665 661 qui
1708 566 1802 637 ad
1841 567 2233 637 incendium

73 687 330 755 domus
357 709 496 755 suoe
521 685 735 753 currit
752 734 772 769 ,
803 680 1145 757 tabulam³
1177 685 1733 758 latrunculariam
1759 686 2129 779 perspicit,
2160 701 2237 753 ut

73 805 296 884 sciat,
325 800 668 893 quomodo
694 802 1012 895 alligatus
1029 795 1055 845 ⁴
1091 818 1282 871 exeat
1313 802 1641 873 calculus.
1684 794 1777 873 At
1815 802 2241 873 mehercules
2286 808 2345 861 δι

78 916 316 985 omnia
342 916 480 985 tibi
513 916 819 1009 undique
854 919 1294 1001 nuntiantur,
1333 934 1403 987 et
1441 916 1835 989 incendium
1860 916 2138 1000 domus,
2172 932 2239 985 et

75 1033 470 1125 periculum
509 1032 918 1115 liberorum,
960 1049 1031 1101 et
1069 1032 1407 1101 obsidium
1448 1034 1685 1127 patriae
1706 1082 1725 1115 ‚
1786 1048 1855 1101 et
1902 1033 2239 1101 bonorum

78 1149 388 1241 direptio
423 1174 439 1215 ε
477 1150 700 1242 adjice
735 1151 884 1219 istis
921 1150 1276 1245 naufragia
1298 1200 1317 1233 ,
1360 1166 1719 1242 motusque
1754 1165 2131 1235 terrarum,
2170 1166 2243 1217 et

78 1265 430 1359 quidquid
458 1265 644 1337 aliud
679 1266 902 1336 timeri
929 1285 1176 1363 potest.
1205 1271 1394 1340 Inter
1418 1270 1545 1337 ista
1568 1268 1915 1337 districtus
1938 1318 1956 1349 ‚
1988 1266 2195 1336 rebus
2213 1318 2231 1349 ,

78 1382 266 1451 nihil
297 1384 488 1451 aliud
515 1406 716 1476 quam
739 1387 1046 1454 animum
1073 1385 1573 1453 oblectantibus
1590 1434 1609 1466 ,
1642 1406 1839 1453 vacas
1862 1386 1894 1451 Ρ
1930 1384 2095 1475 quid
2132 1385 2241 1451 in-

77 1514 193 1565 ter
214 1498 628 1591 Sapientiam
647 1550 664 1583 ‚
701 1513 773 1568 ct
804 1524 1041 1593 sapere
1073 1500 1339 1567 intersit
1361 1549 1383 1583 ,
1416 1498 1759 1589 inquiris?
1780 1494 1993 1565 nodos
2023 1498 2240 1566 nectis

79 1638 168 1682 ac
211 1614 460 1697 solvis,
511 1630 698 1684 tanta
737 1616 914 1685 mole
955 1614 1395 1709 impendente
1426 1616 1635 1707 capiti
1683 1616 1857 1682 tuo?
1900 1616 2055 1682 Non
2102 1627 2237 1681 tam
2292 1628 2354 1681 32

79 1732 462 1825 benignum
491 1756 572 1801 ac
599 1731 884 1802 liberale
907 1726 932 1769 ⁵
961 1750 1229 1827 tempus
1255 1748 1501 1800 natura
1529 1730 1725 1799 nobis
1754 1730 1983 1814 dedit,
2020 1746 2095 1799 ut
2122 1730 2242 1799 ali-

79 1846 260 1939 quid
305 1871 390 1917 ex
417 1848 538 1917 illo
583 1864 780 1919 vacet
813 1845 1142 1943 perdere!
1185 1852 1272 1917 Et
1303 1848 1503 1935 vide,
1546 1872 1751 1941 quam
1788 1848 1999 1918 multa
2036 1849 2237 1917 etiam

82 1965 635 2058 diligentissimis
661 1981 945 2061 pereant
975 1994 992 2033 :
1026 1964 1216 2035 aliud
1239 1965 1559 2035 valetudo
1587 1989 1707 2035 sua
1741 1968 1990 2059 cuique
2016 1966 2241 2035 abstu-

79 2078 160 2145 lit
181 2128 202 2161 ,
236 2078 430 2147 aliud
449 2104 762 2166 suorum3
789 2078 979 2152 aliud
995 2080 1381 2152 necessaria
1406 2082 1715 2174 negotia,
1748 2078 1935 2147 aliud
1964 2080 2239 2172 publica

80 2210 638 2287 occupaverunt3
691 2196 894 2262 vitam
947 2194 1299 2272 nobiscum
1339 2192 1585 2263 dividit
1632 2218 1929 2263 somnus.
1972 2198 2071 2262 Ex
2109 2194 2259 2263 hoc.

80 2329 439 2404 tempore,
481 2328 616 2378 tam
653 2327 942 2404 angusto
976 2327 1046 2379 et
1082 2310 1360 2404 rapide,
1403 2327 1473 2378 et
1500 2334 1624 2380 nos
1646 2311 2036 2394 auferente,
2072 2313 2238 2402 quid

71 2431 276 2522 juvat
313 2428 636 2520 majorem
673 2443 936 2521 partem
973 2428 1244 2495 mittere
1275 2428 1351 2494 in
1384 2450 1631 2494 vanum
1654 2428 1687 2495 Ρ
1728 2425 1971 2518 Adjice
2012 2453 2231 2511 nunc,
2288 2440 2355 2492 33

83 2541 278 2636 quod
309 2545 635 2612 assuescit
662 2545 930 2614 animus
958 2540 1297 2612 delectare
1325 2565 1401 2612 se
1428 2543 1689 2634 potius,
1725 2566 1925 2634 quam
1954 2565 2231 2629 sanare3

83 2678 156 2730 et
187 2659 698 2753 Philosophiam
733 2659 1296 2730 oblectamentum
1321 2657 1547 2729 facere
1566 2707 1587 2740 ,
1618 2682 1829 2749 quum
1858 2658 2233 2731 remedium

83 2782 200 2849 sit.
235 2781 428 2847 Inter
449 2778 862 2872 Sapientiam
893 2791 963 2842 et
991 2795 1228 2870 sapere
1253 2774 1421 2867 quid
1451 2775 1721 2844 intersit
1739 2827 1762 2860 ,
1790 2779 2021 2845 nescio
2050 2803 2066 2842 ε
2094 2779 2239 2846 scio

82 2919 242 2979 mea
289 2917 429 2965 non
467 2895 831 2978 interesse,
887 2891 1093 2965 sciam
1144 2892 1304 2970 ista,
1346 2913 1433 2960 an
1479 2892 1800 2970 nesciam.
1840 2894 1971 2970 Dic
2006 2895 2173 2974 mihi
2217 2920 2233 2962 :

153 3153 206 3187 ι.
235 3131 406 3186 Nemo
417 3135 538 3202 ,qui
554 3133 900 3198 obstetricem,
919 3144 1012 3185 etc.
1032 3131 1122 3184 Si·
1219 3131 1381 3192 neris,
1410 3132 1533 3184 item
1554 3133 1768 3186 nomina
1796 3145 1844 3186 et
1872 3136 2011 3208 paria
2032 3137 2243 3207 gladia-

81 3213 216 3268 mile
241 3223 314 3263 est
347 3211 600 3283 Adagium
623 3229 772 3284 grec.
790 3210 926 3280 quod
949 3210 1122 3262 laudat
1217 3222 1423 3274 torum,
1461 3211 1657 3263 scilicet
1697 3211 1978 3267 allicienda
2002 3214 2163 3288 plebi,
2194 3229 2243 3268 et

85 3293 340 3344 Erasmus
378 3290 432 3342 in
469 3289 632 3363 Adag.
663 3309 684 3340 ι
723 3288 860 3342 Chil.
886 3289 935 3340 X
971 3290 1118 3342 Ceut.
1201 3287 1575 3358 exspectationi
1600 3291 2007 3345 commovendae.

81 3389 168 3421 nr.
199 3367 301 3420 38·
321 3367 466 3436 ’Δνὸρ
485 3369 534 3420 δὶ
557 3391 610 3435 φα
615 3367 780 3433 'oy-v
781 3369 934 3435 ὖμίνε
939 3367 1033 3421 ινλ
1005 3391 1118 3436 υροις
1282 3367 1329 3420 3
1358 3366 1629 3420 fibulum
1666 3371 1885 3422 latrum.
1926 3373 2097 3436 (jem
2117 3373 2179 3422 d'
2178 3371 2243 3424 e'-

83 3443 275 3499 zdico*
251 3443 500 3497 MRuhk
1211 3445 1391 3514 cbecs).
1414 3444 1493 3499 Cf.
1512 3446 1576 3497 ad
1600 3446 1689 3519 Ep.
1714 3460 1831 3507 cvl.
1853 3467 1872 3499 ι
1888 3467 1905 3499 ι
1928 3485 1943 3514 ,
1968 3448 2028 3501 de
2048 3448 2149 3500 Bre
2152 3449 2240 3502 vit.

153 3541 208 3573 2.
219 3520 502 3581 Edictum,
521 3534 614 3574 etc.
635 3520 821 3576 Libdli
831 3521 1118 3577 authhl-
1213 3523 1304 3576 vit.
1321 3543 1369 3576 ο.
1388 3523 1485 3590 131,
1503 3522 1569 3580 de
1588 3524 1873 3595 Tranquill.
1890 3545 1934 3577 c.
1964 3528 2038 3591 14.
2059 3527 2241 3580 Ruhk.

81 3602 142 3654 in
173 3599 380 3672 publico
409 3600 623 3674 proponi
647 3599 808 3655 solita
835 3601 1004 3676 (apud
1027 3621 1120 3654 nos
1283 3603 1332 3667 4.
1354 3605 1647 3672 Alligatus,
1670 3604 1760 3674 qni
1782 3604 1853 3657 ita
1874 3604 2118 3671 obsessus,
2142 3606 2245 3658 cir-

83 3677 634 3752 qffiches)apparatum
649 3699 855 3739 omnem
866 3679 1123 3755 ludorum,
1217 3694 1518 3744 cenventus
1532 3694 1637 3737 eret
1650 3714 1666 3747 9
1689 3694 1745 3734 ut
1768 3682 1965 3736 moveri
1982 3684 2093 3738 aine
2112 3683 2243 3754 peri-

83 3771 132 3809 te
104 3773 320 3828 empus,
337 3753 596 3818 ordinem,
612 3769 703 3810 ete.
717 3750 1021 3810 indicebant.
1041 3759 1122 3811 Cf.
1222 3758 1336 3811 culo
1354 3779 1457 3810 non
1476 3772 1651 3832 posset.
1674 3759 1747 3810 Cf
1770 3759 2128 3816 Wernsdorfii
2147 3761 2243 3812 Ex-

85 3837 150 3888 de
171 3833 355 3886 Benef.
373 3833 476 3898 vl,
505 3853 559 3894 ι,
585 3835 737 3908 Lipsi·
705 3858 738 3888 ιι
761 3834 1028 3900 Satan-nal,
1043 3832 1119 3900 ll,
1222 3855 1349 3888 curs.
1375 3833 1445 3888 xl
1468 3837 1525 3888 in
1544 3835 1640 3888 To.
1662 3837 1735 3888 lv
1761 3834 1902 3889 Post.
1924 3839 2037 3890 Lat.
2059 3836 2241 3890 minor.

91 3914 174 3964 18.
199 3911 352 3962 3.·-
373 3871 504 3964 Aule
530 3911 768 3966 ludorum
799 3933 1021 3985 pugnas,
1054 3913 1126 3965 ait
1223 3935 1270 3984 p.
1299 3915 1399 3979 413
1416 3934 1492 3985 sq.
1517 3915 1696 3968 Ruhk.

85 3993 298 4058 ἔοι-ειμι
311 4027 330 4054 ,
345 3988 500 4042 moris
521 4002 652 4052 etat,
670 4003 726 4046 ut
741 3991 904 4046 editor
921 3990 1124 4058 libellos
1289 3995 1334 4046 5.
1360 3993 1481 4046 Non
1498 4005 1611 4046 tam
1642 3993 1921 4063 bem'gnum
1942 4011 2007 4046 ac
2034 3993 2245 4046 liberate

89 4083 429 4147 proponeret,
455 4072 510 4124 in
527 4070 707 4138 quibua
723 4071 828 4126 dies
849 4072 1123 4129 sutur'tmu·
1223 4083 1447 4140 tempus.
1484 4073 1582 4124 lut.
1618 4084 1723 4124 tam
1758 4070 1981 4144 maligne
2019 4083 2067 4123 et
2098 4089 2243 4143 parte
