2667 4475
437 331 920 403 PanmL.
969 331 1477 405 s'rolcon.
1527 334 1723 405 Lm.
1773 336 1881 405 11.
2104 340 2244 433 ⁵77

87 478 224 537 sitio
250 474 366 537 huc
393 496 623 559 quoque
649 476 781 549 ivit,
829 486 888 535 et
913 472 1070 536 Vere
1119 489 1316 537 natum
1370 454 1495 537 esse
1540 476 1771 552 volunt,
1806 478 1937 538 Sole
1966 480 2027 539 in
2052 474 2247 541 Ariete

87 585 396 645 existente.
431 580 830 665 Panegyristes
859 579 936 641 ad
953 579 1373 644 Maximianum
1404 607 1422 642 ε
1457 610 1487 639 α
1508 581 1755 643 Divinus
1772 584 1869 645 ille
1896 598 2095 647 vestroe
2115 608 2249 647 ma-

83 693 310 771 jestatis
343 702 500 749 ortus
531 691 687 770 ipso,
721 709 836 769 quo
866 688 1056 749 illuxit
1071 732 1088 763 ,
1121 690 1379 771 auspicio
1398 690 1572 753 Veris
1602 690 1895 767 illustrior,
1927 694 2253 776 augustiore

87 796 322 879 fulgens
342 796 574 855 luminis
598 795 852 857 claritate
868 839 886 870 ,
907 816 1080 876 quam
1103 817 1282 877 quum
1300 798 1583 880 originem
1600 798 1801 860 mundi
1820 802 2105 861 nascentis
2125 800 2254 863 ani-

87 906 292 965 mavit.
325 930 354 957 »
389 902 468 963 Et
503 904 695 963 statim
723 926 740 961 e
779 928 808 957 «ι
827 902 880 961 Ο
911 901 1049 963 felix
1082 903 1428 985 beatumque
1450 904 1575 966 Ver
1608 927 1757 965 novo
1789 904 1993 988 partu!
2028 928 2064 968 o
2097 920 2257 968 tem-

87 1033 204 1093 pus
221 1056 238 1085 ,
274 1031 391 1093 quo
417 1011 622 1071 merito
652 1011 845 1069 omnia
891 1022 1027 1070 nata
1066 1031 1192 1091 esse
1235 1008 1580 1071 credantur!
1612 1032 1647 1070 o
1676 1007 1955 1073 Kalendae
1983 1012 2206 1074 Martiae
2232 1059 2253 1089 ,

86 1120 264 1179 sicuti
295 1118 431 1178 olim
461 1140 742 1179 annorum
761 1117 1114 1178 volventium
1129 1160 1148 1190 ,
1179 1118 1259 1177 ita
1291 1138 1443 1177 nunc
1470 1124 1813 1178 aeternorum
1841 1120 2103 1201 auspices
2131 1120 2257 1181 Im-

91 1238 446 1307 peratorum.
479 1252 507 1279 ι»
545 1222 823 1309 Virgilius
846 1247 864 1283 ε

427 1364 540 1413 Non
556 1361 676 1412 alios
695 1363 857 1430 prima
881 1332 1139 1411 crescentis
1161 1362 1351 1428 origine
1375 1360 1547 1411 mundi

424 1452 642 1503 illuxisse
666 1450 770 1502 dies
790 1487 806 1514 ,
831 1451 1046 1502 aliumve
1071 1450 1293 1502 habuisse
1317 1458 1535 1503 tenorem

423 1542 745 1596 Crediderim.
773 1544 872 1610 Ver
889 1541 1016 1593 illu'd
1039 1548 1142 1592 erat
1161 1578 1178 1605 ,
1204 1544 1304 1593 Ver
1322 1559 1531 1611 magnus
1550 1536 1729 1609 agebat

422 1634 584 1685 Orbis.

91 1758 172 1816 In
207 1752 473 1817 Carmine
508 1754 690 1815 veteri
719 1778 735 1813 ε
773 1780 802 1809 ιι
827 1754 982 1819 Vere
1021 1766 1189 1814 natus
1229 1752 1385 1814 orbis
1426 1765 1532 1813 est.
1563 1778 1593 1807 ι»
1625 1748 1809 1813 Divus
1839 1752 2174 1813 Ambrosius
2202 1747 2261 1811 et

89 1884 330 1923 causam
371 1861 596 1924 addidit
638 1860 709 1944 (I
745 1861 1032 1922 Hexaem.·
1080 1876 1210 1943 cap.
1259 1859 1339 1941 5)
1370 1880 1389 1919 ε
1444 1886 1472 1913 α
1516 1854 1664 1921 Inde
1712 1860 2012 1942 oportebat
2054 1858 2259 1920 mundi

91 1968 400 2031 exordium
431 1970 594 2051 capi,
625 1967 726 2027 ubi
756 1978 879 2027 erat
907 1972 1228 2050 opportuna
1253 1966 1521 2027 omnibus
1549 1986 1727 2027 verna
1744 1968 2077 2049 temperies,
2101 1964 2260 2027 unde

89 2088 160 2137 et
189 2078 472 2138 nascentis
529 2074 732 2135 mundi
753 2110 760 2121 ι
780 2074 1090 2157 imaginem
1133 2088 1320 2134 annus
1364 2074 1647 2155 expressit
1660 2118 1679 2149 ,
1718 2086 1785 2134 ut
1832 2086 1963 2155 post
1990 2073 2261 2135 hibernas

85 2180 306 2267 glacies
323 2226 340 2259 ‚
376 2196 546 2266 atque
591 2180 864 2244 hiemales
907 2182 1178 2266 caligines
1197 2224 1215 2258 ,
1263 2181 1521 2242 serenior
1562 2180 1729 2240 solito
1762 2179 1945 2242 Verni
1984 2184 2259 2263 temporis

83 2289 366 2372 splendor
393 2291 634 2352 eluceat.
663 2315 692 2342 a
716 2289 1110 2353 Damascenus
1135 2289 1274 2347 item
1295 2289 1358 2345 in
1378 2286 1487 2345 hac
1512 2297 1675 2366 parte
1696 2283 1835 2366 (lib.
1866 2282 1928 2344 ῙῙ
1944 2329 1962 2360 ,
1992 2307 2121 2368 cap.
2156 2285 2217 2369 7)
2238 2311 2257 2348 ε

91 2425 130 2451 «ι
153 2395 410 2472 Quatuor
430 2407 564 2454 sunt
583 2416 618 2452 a
636 2393 764 2454 Sole
785 2396 923 2453 anni
939 2406 1196 2476 tempora
1217 2392 1339 2450 sive
1363 2391 1788 2465 conversiones.
1808 2389 2001 2450 Prima
2020 2392 2217 2452 Verna
2236 2437 2255 2473 ,

85 2507 159 2566 in
186 2525 300 2584 qua
325 2499 486 2562 Deus
513 2497 648 2560 fecit
672 2501 968 2575 universa,
996 2499 1152 2581 quod
1178 2498 1344 2561 docet
1370 2499 1695 2558 etiamnunc
1720 2496 1925 2559 florum
1946 2499 2007 2560 in
2030 2521 2099 2560 ea
2124 2511 2261 2583 ger-

85 2607 400 2671 minatio.»
427 2605 623 2668 Verba
649 2603 952 2686 Scripturae
975 2604 1178 2684 'adjicit
1203 2627 1220 2662 a
1257 2601 1598 2664 «Get-minet
1618 2616 1773 2664 terra
1790 2602 2029 2666 herbam
2057 2607 2259 2668 viren-

87 2729 218 2776 tem
241 2757 260 2788 ,
307 2726 368 2774 et
409 2711 712 2773 facientem
761 2731 958 2772 semen
983 2755 1001 2787 ‚
1053 2722 1112 2772 et
1162 2710 1387 2792 lignum
1438 2709 1805 2793 pomiferum.
1846 2737 1875 2764 ι»
1932 2710 2011 2772 Et
2061 2735 2258 2775 nonne

70 2821 396 2906 ¹probabile
425 2831 512 2881 est
546 2818 930 2882 ainoenissimo
947 2862 964 2893 ,
1010 2829 1068 2878 et
1103 2818 1357 2878 maxime
1393 2819 1696 2901 vegetabili
1728 2831 1985 2901 tempore
2001 2864 2019 2896 ,
2050 2815 2257 2882 cuncta

93 2927 382 3010 coepisse?
413 2949 594 3010 quum
627 2938 685 2986 et
714 2925 1032 2985 animantes
1066 2925 1353 3007 pleraeque
1384 2923 1682 2984 foetifieant
1700 2969 1717 3000 ,
1768 2935 1827 2984 et
1872 2925 1995 2985 aliae
2040 2938 2255 2986 naturae

91 3039 290 3118 partes
328 3034 666 3114 concipiunt
706 3041 804 3092 ant
839 3031 1165 3113 parturiunt
1183 3075 1202 3106 ,
1239 3035 1459 3112 εὐλόγως
1490 3029 1746 3092 dicamus
1780 3043 1839 3092 et
1867 3033 2052 3113 ipsam
2080 3045 2255 3095 totam

93 3141 413 3222 peperisse.
438 3139 515 3200 At
543 3150 680 3198 sunt
706 3149 900 3198 tamen
917 3135 1038 3218 qui
1069 3135 1290 3197 fortiter
1321 3137 1579 3198 abnuant
1593 3181 1611 3213 ,
1643 3137 2019 3199 Hebraeorum
2049 3151 2255 3200 aucto-
2333 3133 2337 3144 '

91 3248 268 3308 ritate
309 3247 510 3308 confisi
533 3289 551 3321 ,
595 3244 804 3328 quibm
848 3245 1196 3327 principium
1225 3246 1364 3306 anni
1398 3247 1460 3306 in
1492 3245 1783 3314 Autumno
1820 3243 1933 3306 suit
1964 3269 1983 3306 ε
2017 3261 2153 3330 ergo
2194 3261 2253 3309 et

91 3351 328 3414 Mundi.
361 3353 492 3413 Non
517 3352 666 3412 ultra
699 3352 928 3433 inquiro
961 3373 979 3409 ε
1014 3371 1192 3431 quum
1227 3349 1629 3412 adSacrorum
1670 3352 2067 3412 auctoritatem
2094 3354 2212 3414 itur
2227 3399 2245 3429 ‚

99 3457 475 3542 Philosophiae
502 3459 647 3518 fines
677 3459 794 3538 jam
827 3476 918 3516 res
958 3455 1278 3540 egreditur,
1327 3469 1387 3517 et
1428 3455 1503 3518 ad
1536 3455 1859 3542 Theologiae
1898 3457 2017 3520 abit
2059 3483 2077 3519 ε
2122 3457 2251 3520 Hoc

99 3566 330 3627 tertium
368 3565 593 3648 potius,
623 3563 830 3646 Qualis
841 3563 1120 3638 conditus,
1161 3575 1221 3624 et
1242 3585 1357 3646 qua
1391 3562 1613 3624 forma?
1642 3563 1928 3626 Rotunda.
1969 3565 2057 3627 Ita
2078 3566 2249 3628 Stoici

95 3671 256 3756 apud
281 3653 570 3734 Laenium
594 3694 611 3730 ε
638 3681 696 3732 et
715 3692 885 3730 eausa
907 3693 924 3728 ε
954 3696 982 3724 ιι
1007 3662 1156 3730 Nam
1204 3669 1279 3730 ad
1322 3667 1541 3732 motum
1584 3668 1758 3733 talem
1796 3670 2037 3757 figuram
2063 3674 2279 3756 aptis-‘

95 3782 323 3840 simam.
347 3805 376 3834 ι»
402 3775 602 3839 Plures
634 3797 814 3837 causae
847 3777 907 3835 in
935 3775 1176 3837 Manilio
1202 3769 1347 3860 (lib.
1384 3773 1499 3860 1)=

430 3933 546 3982 1120
567 3938 743 3983 eterna
764 3912 1203 3998 manet,diviaque
1225 3928 1475 3980 simillima
1497 3927 1655 3981 forma
1674 3964 1689 3991 ,

427 4023 524 4074 Cui
544 4039 704 4091 neque
727 4021 1122 4091 principiumert
1145 4037 1354 4090 uquam
1374 4037 1501 4082 ,nec
1526 4017 1673 4084 finis,
1694 4021 1747 4070 in
1770 4023 1879 4089 ipro

433 4112 536 4166 Sed
554 4114 727 4164 similis
749 4119 856 4165 toto
880 4119 1128 4174 remutet,
1152 4127 1336 4180 perque
1358 4111 1523 4162 omnia
1544 4127 1633 4180 par
1650 4114 1738 4161 est.

399 4211 520 4278 IV.
1848 4203 1936 4297 37
