2667 4475
375 342 495 385 1⁴22

942 314 1023 379 L.
1075 308 1429 377 ANNAEI
1476 306 1909 376 SENECAE

359 447 606 540 quaerit
639 443 983 513 minietnos
1013 442 1234 525 Deu83
1277 435 1575 530 quidni?
1600 437 1747 531 ipse
1774 436 2073 505 humano
2104 436 2345 528 generi
2372 436 2515 503 mi-

251 566 315 632 48
363 560 646 649 nistrat3
685 561 942 655 ubique
967 574 1036 627 et
1061 555 1378 625 omnibus
1400 568 1643 647 praesto
1672 568 1800 621 est.
1834 552 2090 621 Audiat
2112 550 2279 620 lieet
2300 574 2513 643 quem

365 678 636 749 modum
669 698 942 745 servare
963 678 981 710 ¹
1019 674 1096 741 in
1119 671 1476 741 sacrificiis
1507 667 1789 752 debeat,
1830 690 2034 758 quam
2062 666 2305 758 procul
2334 666 2515 733 resi-

365 794 494 863 lire
521 818 560 860 a
577 791 874 861 molestie
891 782 1519 882 superstitionibus?
1545 809 1561 849 :
1580 804 1931 873 nunquam
1952 782 2113 848 datis
2130 778 2509 872 profectum

369 912 536 992 erit,
564 910 700 977 nisi
719 956 740 993 ,
771 907 1040 1000 qualem
1060 903 1300 985 debet,
1325 905 1547 969 Deum
1578 915 1805 967 mente
1822 897 2250 990 conceperit,
2284 897 2519 963 omnia

368 1026 774 1110 habentem,
814 1025 1042 1092 omnia
1077 1020 1487 1090 tribuentem
1508 1067 1528 1099 ,
1570 1008 2027 1084 beneficium³
2071 1014 2281 1107 gratie
2328 1012 2517 1081 dan-

369 1158 530 1211 tem.
576 1142 752 1235 Quae
789 1162 990 1209 cauea
1023 1152 1125 1207 est
1153 1138 1302 1207 Diis
1335 1130 1811 1202 benefaciendi
1840 1132 1869 1198 Ρ
1902 1124 2223 1198 Natura⁴.
2264 1131 2511 1211 Errat,

293 1284 296 1289 ·
365 1262 422 1329 si
449 1260 605 1353 quis
637 1262 830 1353 putat
865 1256 1018 1324 illos
1049 1256 1298 1323 nocere
1331 1242 1557 1321 nolle⁵
1594 1274 1610 1313 z
1644 1270 1782 1315 non
1808 1260 2127 1339 possunt3
2168 1268 2297 1313 nee
2326 1246 2523 1314 acci-

365 1402 532 1472 pere
565 1376 893 1469 injuriam
927 1387 1188 1467 queunt
1208 1419 1227 1452 ‚
1267 1391 1398 1436 nec.
1423 1367 1673 1435 faeere.
1706 1360 1991 1431 Laedere
2028 1362 2279 1431 etenim
2314 1360 2525 1430 laedi-

254 1512 321 1583 49
367 1517 529 1586 que,
561 1488 999 1583 conjunctum
1025 1500 1150 1555 est.
1177 1482 1451 1553 Summa
1478 1480 1596 1547 illa
1622 1502 1703 1547 ac
1726 1477 2196 1573 pulcherrima
2212 1477 2525 1545 omnium

365 1626 608 1678 natura
633 1658 652 1691 ‚
711 1630 883 1699 quos
935 1602 1243 1699 periculo
1291 1600 1573 1680 exemit,
1628 1621 1720 1665 ne
1766 1594 2187 1689 periculosos
2233 1592 2525 1686 quidem
2639 1685 2647 1696 ι

368 1728 553 1795 fecit.
587 1727 858 1794 Primus
889 1738 991 1791 est
1021 1725 1320 1789 Deorum
1354 1716 1575 1785 cultus
1594 1765 1615 1798 ,
1654 1716 1839 1785 Deos
1862 1713 2187 1799 eredere3
2220 1711 2521 1799 deinde,

369 1843 660 1911 reddere
693 1840 830 1909 illis
865 1840 1279 1931 majestatem
1315 1858 1504 1902 suem
1528 1883 1547 1915 ‚
1592 1832 1883 1901 reddere
1915 1831 2283 1898 bonitatem
2303 1881 2321 1911 ‚
2366 1832 2529 1899 sine

261 1985 325 2035 50
371 1980 508 2052 qua
559 1958 748 2025 nulla
795 1956 1107 2048 majestas
1143 1950 1307 2036 eet;{
1327 1952 1505 2018 scire
1526 1996 1548 2037 ‚
1593 1948 1745 2017 illos
1798 1970 1943 2017 esse
1994 1949 2113 2039 qui
2152 1946 2533 2041 proesident

371 2073 624 2143 mundo
647 2122 668 2157 ,
708 2074 827 2164 qui
855 2072 1175 2139 universa
1205 2069 1271 2137 vi
1305 2079 1844 2158 euntemperant
1865 2114 1884 2146 ‚
1928 2066 2047 2156 qui
2085 2064 2367 2131 humani
2410 2088 2531 2157 ge-

373 2192 560 2259 neris
611 2188 888 2258 tutelam
928 2198 1178 2280 gerunt
1197 2233 1214 2266 ‚
1260 2178 1605 2250 interdum
1644 2182 1895 2249 curiosi
1934 2179 2390 2273 singulorum.
2438 2182 2529 2249 Hi

376 2481 488 2532 quae
507 2459 540 2512 J
545 2459 705 2511 unoni
727 2471 777 2510 et
797 2457 1049 2514 Minervae
1073 2455 1281 2529 capillos
1301 2452 1403 2505 dis·

377 2550 595 2613 ponant,
617 2536 770 2610 longe
792 2556 822 2588 a
841 2533 1030 2607 templo
1045 2572 1060 2600 ,
1081 2554 1190 2586 uon
1203 2544 1405 2586 tantum

375 2617 645 2669 simulacro
663 2626 869 2680 stantes,
883 2613 1070 2684 digitos
1091 2623 1299 2664 movent
1317 2631 1405 2663 or-

379 2693 610 2746 nantium
631 2695 788 2746 modo
808 2730 823 2757 ,
852 2703 968 2744 sunt
995 2708 1108 2762 quae
1139 2687 1401 2761 speculum

377 2782 632 2824 teneant.»
653 2770 802 2841 Soepe
823 2779 1095 2820 occurrunt
1107 2766 1405 2818 etiamnunc

379 2852 434 2904 in
461 2849 808 2902 monumentis
845 2845 1065 2917 antiquis
1095 2844 1327 2918 specula,
1358 2856 1408 2896 et

379 2929 436 2982 in
461 2945 642 3001 pompa
672 2926 821 2978 Isidis
845 2923 909 2977 ab
947 2922 1166 2996 Apuleio
1206 2919 1407 2974 descri-

378 3021 491 3083 pta,
515 3003 855 3078 Metamorph.
883 3005 961 3058 xl
987 3026 1036 3074 p.
1064 3023 1159 3073 770
1184 3001 1272 3056 ubi
1299 3000 1405 3054 vid.

381 3085 527 3138 Colv.
557 3098 606 3136 et
632 3083 963 3155 Oudendorp.
985 3080 1145 3134 nostri
1164 3078 1270 3131 loci
1294 3098 1403 3130 me-

379 3183 562 3217 mores.
593 3162 672 3216 Cf.
697 3160 933 3230 Belliger
954 3159 1142 3232 griech-
1189 3159 1244 3211 V
1240 3175 1405 3211 asen-

371 3244 620 3312 gemalde
636 3280 650 3303 ,
682 3241 793 3306 III,
821 3261 867 3312 p.
893 3243 972 3314 59.
997 3239 1176 3293 Ruhk.

454 3341 493 3372 1.
520 3319 688 3392 Quem
700 3321 917 3372 modum
932 3337 1155 3372 semare.
1174 3315 1260 3370 Sic
1273 3329 1405 3370 recte

381 3417 514 3450 unus
545 3397 655 3449 Pal.
669 3393 730 3450 ’3.
749 3396 923 3468 Vulgo
959 3397 1407 3462 quemadmodum

383 3493 439 3527 se
463 3495 636 3546 gerere
673 3475 790 3528 edd.
826 3494 855 3525 a
886 3473 1022 3526 Mur.
1058 3493 1174 3526 cum
1213 3471 1322 3524 Pal.
1360 3493 1405 3526 α.

393 3551 858 3622 Quemadmodum
875 3555 1064 3606 servire
1087 3551 1168 3604 ed.
1185 3551 1269 3603 Er.
1287 3571 1405 3604 cum

383 3651 477 3684 ms.
494 3631 604 3684 Col.
623 3631 1088 3706 Quemadmodum
1109 3649 1330 3694 servare,
1354 3649 1407 3684 a.

381 3729 423 3762 c.
451 3707 519 3760 R.
540 3711 610 3760 A.
631 3707 868 3762 δάκω-
882 3706 1123 3778 Suspicor
1145 3706 1405 3778 reliquisse

383 3785 630 3840 Senecam
647 3804 659 3838 :
674 3787 1118 3856 quemadmodum
1133 3805 1337 3838 servare
1351 3788 1406 3837 t'n

382 3887 426 3919 s.
453 3866 525 3918 uti
551 3878 623 3918 est
647 3865 701 3916 in
729 3864 926 3917 Tarvis.
951 3876 1000 3916 et
1023 3865 1238 3918 Veneta.
1267 3861 1403 3916 See-

381 3966 506 4000 vare
521 3959 592 3998 est
609 3945 872 4000 observare
889 3983 902 4010 ,
929 3956 1022 3998 etc.
1048 3943 1272 3998 Gronov.

448 4045 494 4076 2.
510 4025 751 4078 M'oleslis
765 4023 1403 4096 superstitionibus-Vulgo

381 4103 632 4155 molestiis
653 4122 716 4155 ac
733 4106 986 4170 superstit.
1008 4099 1170 4156 Schw.

1562 2449 1610 2502 3.
1640 2449 1967 2526 Beneficium
1986 2473 2096 2506 non
2116 2453 2365 2525 beneficia
2384 2493 2403 2523 ,
2420 2474 2475 2508 a.
2490 2475 2533 2509 c.

1498 2529 1570 2583 R.
1602 2532 1676 2583 A.
1705 2531 1870 2586 Schw-

1564 2611 1612 2677 4.
1633 2611 1863 2664 Natura.
1878 2611 2037 2666 Totus
2050 2609 2134 2663 hic
2150 2610 2293 2664 locus
2309 2611 2374 2664 de
2390 2611 2531 2675 Diis,

1501 2709 1717 2760 quorum
1746 2689 1909 2744 cultus
1930 2689 2143 2743 decretis
2166 2689 2320 2744 etiam
2336 2690 2439 2743 niti
2454 2691 2535 2744 de·

1500 2767 1586 2820 bet
1599 2805 1613 2832 ,
1635 2779 1737 2818 tam
1760 2765 1994 2840 egregius
2014 2779 2116 2833 est,
2140 2781 2197 2819 ut
2217 2787 2324 2820 non
2342 2769 2537 2822 mirum

1501 2848 1593 2914 sit,
1635 2848 1777 2918 quod
1820 2847 1941 2902 inde
1985 2860 2035 2902 et
2078 2846 2254 2900 multis
2294 2847 2411 2900 aliis
2446 2849 2536 2902 lo·-

1503 2925 1573 2979 cis
1605 2925 1855 2994 eiusmodi
1880 2946 2142 2998 perperam
2166 2925 2537 2982 inducerentur

1504 3005 1652 3059 multi
1676 3005 1741 3058 ad
1764 3005 2075 3060 credendum
2096 3044 2110 3069 ,
2137 3006 2349 3062 Senecae
2378 3007 2537 3062 finisse

1500 3104 1615 3137 cum
1642 3082 1805 3138 Paulo
1826 3082 2053 3154 apostolo
2077 3084 2537 3150 consuetudinem,

1500 3164 1638 3218 unde
1668 3163 1777 3218 haec
1802 3176 1850 3218 et
1872 3163 1991 3216 talia
2018 3165 2293 3236 acceperit,
2325 3166 2538 3220 nemine

1500 3241 1690 3294 scilicet
1704 3241 1803 3294 nisi
1822 3241 2114 3296 Christiano
2127 3241 2342 3294 homine
2360 3241 2539 3314 digna.

1501 3318 1695 3372 Tamen
1718 3321 1977 3374 {merdam
1996 3323 2192 3373 curiosi
2204 3323 2539 3392 singulorum

1504 3410 1554 3450 et
1570 3405 1809 3452 coelerum
1826 3401 2087 3466 castigant
2102 3401 2425 3466 quosdam...
2440 3421 2541 3468 pu-

1502 3475 1653 3526 nium
1670 3471 1909 3530 excidisse
1924 3475 2111 3531 Nostro
2134 3473 2329 3539 nolles,
2350 3477 2541 3548 quippe

1502 3571 1618 3624 quae
1658 3552 1833 3607 sanior
1885 3551 2210 3626 philosophia
2258 3555 2501 3626 repudiat
2523 3592 2540 3618 ‚

1504 3632 1631 3704 quin
1656 3632 1809 3686 etiam
1834 3633 1956 3687 Stoa
1984 3645 2034 3686 et
2058 3632 2197 3706 ipsa3
2218 3632 2321 3686 nisi
2346 3647 2542 3707 postre-

1502 3730 1586 3763 ma
1628 3709 1827 3784 mitiges
1880 3709 2300 3783 interpretatione
2318 3749 2335 3776 ,
2382 3731 2542 3783 quam

1503 3790 1579 3842 M.
1604 3789 1797 3840 Anton.
1839 3800 1885 3840 et
1916 3787 2175 3858 Epictetus
2208 3789 2401 3860 passim
2430 3810 2454 3842 s

1502 3865 1999 3938 peditentCaeterum
2022 3885 2049 3916 e
2064 3863 2293 3920 Platonis
2308 3865 2464 3920 libris
2482 3869 2543 3922 de

1496 3943 1620 4017 Rep.
1644 3942 1875 4016 inprimis
1901 3963 1927 3996 e
1950 3942 2066 3996 libr.
2088 3943 2139 3997 X
2165 3943 2229 3996 de
2250 3945 2419 4018 Legg.
2436 3958 2543 4000 toto
2650 4025 2652 4032 Ι

1500 4021 1608 4078 haec
1632 4020 1811 4076 hausta
1839 4021 2001 4074 videri
2022 4036 2249 4095 possunt.
2270 4025 2467 4078 Ruhk.

1568 4102 1617 4152 5.
1656 4099 1849 4153 Nocere
1886 4102 2039 4153 nolle.
2076 4099 2161 4154 Sic
2198 4113 2331 4154 recte
2362 4121 2466 4154 ms.
2490 4123 2543 4154 a.
