2667 4475
431 272 928 341 PHYSIOL.
980 273 1489 345 sT01con.
1538 274 1731 343 ωΒ.
1786 268 1937 343 111.
2130 274 2267 370 639

55 417 338 477 »onitas
361 458 379 490 ‚
425 414 580 475 erit?
626 415 740 475 Sed
782 436 970 496 neque
1016 414 1183 475 facile
1237 418 1485 499 cogitare
1536 430 1657 492 est,
1708 418 2024 477 animantes
2070 440 2268 479 omnes

55 535 384 591 eternas3
420 532 480 580 et
507 532 572 581 ut
601 520 802 603 fragile
831 520 940 581 hoc
969 543 1035 581 ac
1064 521 1341 595 mortale,
1376 523 1521 583 nulli
1552 535 1740 583 ortum
1780 536 1879 583 aut
1921 522 2147 583 initium
2178 526 2267 584 sui

57 627 405 687 ascribat.
441 625 598 685 Alios
627 627 802 710 igitur
831 626 1129 685 audiamus
1147 670 1166 701 ,
1193 639 1250 686 et
1268 629 1330 687 in
1353 629 1425 686 iis
1448 629 1734 689 Porticum
1756 640 2027 689 nostram.
2068 657 2095 683 «ι
2122 630 2265 707 Nam

55 734 168 813 {ui
209 731 500 791 homines
530 731 748 811 aliquos
775 732 1182 815 primigenios,
1211 733 1290 793 ait
1311 733 1519 795 iterum
1545 734 1889 795 Censorinus
1907 780 1923 810 ,
1958 734 2229 797 divinitus
2245 781 2275 812 ‚.

55 854 420 912 riatur-ave,
454 838 632 899 factos
661 838 963 899 crederent
983 884 1002 912 ‚
1039 838 1205 900 multi
1243 840 1479 900 fuerunt
1514 864 1533 899 z
1578 842 1683 901 sed
1710 842 1877 903 aliter
1903 854 2075 924 atque
2102 843 2268 904 aliter

61 970 114 1005 n
155 946 304 1005 hac
335 945 756 1005 existimatione
785 947 1013 1005 versati.
1048 945 1192 1005 Nam
1221 957 1286 1005 ut
1315 946 1570 1005 omittam
1587 990 1608 1021 ‚
1636 948 1792 1028 quod
1816 946 2101 1009 fabulares
2126 970 2268 1030 poe—

55 1076 294 1113 :arum
334 1051 581 1113 historia·
625 1052 819 1113 serunt
842 1096 858 1125 ‚
901 1054 1120 1135 primos
1165 1052 1425 1127 homines
1472 1065 1571 1113 aut
1605 1053 1929 1115 Promethei
1958 1055 2117 1115 molli
2145 1056 2267 1117 luto

55 1158 378 1219 z’ormatos
397 1201 414 1231 ,
448 1170 547 1219 aut
590 1158 952 1224 Deucalionis
995 1158 1339 1241 Pyrrhaeque
1382 1160 1543 1219 duris
1581 1158 1871 1241 lapidibus
1904 1183 2027 1221 esse
2054 1176 2217 1223 natos
2244 1188 2261 1223 ε

55 1265 340 1346 quidam
361 1286 436 1325 ex
457 1265 595 1345 ipsis
617 1264 918 1346 Sapientiae
941 1264 1357 1346 professoribus
1374 1309 1391 1339 ‚
1417 1266 1610 1325 nescio
1633 1288 1707 1325 an
1732 1268 1914 1348 magis
1940 1280 2267 1327 monstruo-

55 1392 160 1433 sas
187 1414 212 1441 ‚
259 1382 422 1429 certe
451 1392 570 1430 non
599 1372 790 1431 minus
822 1370 1184 1431 incredibiles
1222 1374 1511 1431 rationum
1545 1394 1777 1431 suarum
1809 1372 2110 1454 proferunt
2136 1374 2267 1455 opi-

55 1476 324 1537 niones:
375 1478 806 1540 Anaximander
839 1478 1102 1539 Milesius
1124 1522 1141 1551 ,
1177 1479 1363 1538 videri
1394 1479 1503 1538 sibi
1535 1500 1608 1538 ex
1646 1480 1808 1560 Aqua
1842 1480 2133 1560 Terraque
2163 1492 2263 1539 ca-

55 1584 320 1644 lefactis
339 1627 357 1658 ,
391 1598 616 1645 exortos
647 1608 772 1645 esse
801 1587 922 1647 sive
949 1588 1136 1667 pisces
1153 1630 1170 1661 ,
1201 1587 1324 1646 sive
1350 1586 1602 1667 piscibus
1630 1586 1836 1647 similia
1866 1586 2133 1647 animalia
2158 1610 2173 1645 ε
2198 1589 2257 1646 in

55 1693 163 1751 his
203 1692 481 1753 homines
510 1694 864 1753 concrevisse
885 1737 902 1768 ,
950 1692 1234 1773 foemsque
1279 1690 1353 1751 ad
1384 1693 1743 1773 pubertatem
1775 1694 1931 1752 intus
1960 1705 2209 1753 retentos
2242 1718 2255 1761 ;

56 1810 230 1857 tunc
267 1796 502 1859 demum
535 1801 718 1881 ruptis
750 1800 861 1859 illis
881 1842 898 1871 ‚
931 1800 1082 1859 viros
1109 1798 1493 1880 mulieresque
1516 1842 1533 1875 ,
1565 1800 1665 1879 qui
1694 1822 1756 1859 se
1782 1800 1899 1879 jam
1928 1800 2079 1860 alere
2112 1822 2259 1881 pos-

55 1916 216 1962 sent
245 1948 263 1977 ,
311 1906 674 1985 processisse.
729 1902 1110 1985 Empedocles
1139 1916 1343 1965 -autem
1388 1906 1575 1986 primo
1624 1904 1881 1966 membra
1927 1906 2154 1989 singula
2184 1928 2256 1967 ex

57 2024 246 2069 terra
275 2012 438 2091 quasi
469 2024 798 2093 praegnante
817 2056 834 2085 ,
867 2012 1079 2093 passim
1109 2011 1294 2087 edita,
1330 2012 1541 2073 deinde
1568 1992 1771 2072 coiisse
1796 2026 1853 2072 et
1877 2015 2129 2073 effecisse
2162 2036 2257 2073 so-

59 2118 186 2177 lidi
213 2117 468 2177 hominis
487 2121 782 2179 materiam
800 2163 816 2192 ,
842 2120 960 2201 igni
983 2119 1230 2191 simulet
1245 2120 1471 2180 humori
1494 2121 1860 2200 permixtam..
1886 2121 2024 2177 Haec
2051 2119 2251 2178 eadem

64 2226 290 2306 opinio
306 2226 476 2284 etiam
493 2226 553 2284 in
571 2225 912 2286 Pal-menide
925 2226 1016 2286 vel
1029 2228 1110 2285 in.
1125 2273 1138 2286 .
1153 2273 1166 2286 .
1189 2226 1282 2286 Ste
1295 2225 1424 2299 suit,
1448 2226 1707 2306 pauculis
1726 2226 2001 2306 exceptis,
2025 2226 2097 2283 ab
2118 2222 2251 2283 Em-

61 2331 336 2412 pedocle
366 2330 654 2390 dissensis.
689 2331 1029 2392 Democrito.
1047 2353 1182 2392 vero
1211 2331 1599 2392 Abderitae-ex
1626 2333 1789 2409 Aqua
1816 2331 2092 2410 limoque,
2124 2334 2249 2412 pri-

65 2460 252 2497 mum
280 2437 466 2494 visum
507 2448 592 2494 est
635 2435 895 2494 homines
924 2449 1270 2519 procreatos.
1307 2436 1424 2523 Nec
1457 2436 1627 2518 longe
1658 2457 1819 2494 secus
1852 2435 2168 2517 Epicurus;
2200 2439 2247 2496 is

67 2549 248 2604 enim
278 2542 522 2603 credidit
542 2586 558 2616 ,
591 2544 730 2603 limo
764 2542 1034 2601 calefacto
1062 2554 1253 2601 uteros
1274 2585 1289 2614 ,
1327 2541 1521 2599 nescio
1550 2517 1693 2622 quos
1718 2585 1733 2614 ,
1767 2541 2054 2601 radicibus
2086 2557 2245 2604 terrae

56 2653 434 2710 'cohaerentes
475 2650 725 2730 primum
759 2648 1104 2722 increvisse,
1152 2658 1209 2706 et
1253 2645 1566 2706 infantibus
1608 2668 1681 2705 ex
1722 2669 1784 2706 se
1828 2645 2030 2722 editis,
2078 2649 2245 2731 inge-
2301 2715 2347 2730 ⁵

73 2760 276 2815 nitum
305 2757 466 2814 lactis
495 2755 794 2814 humorem
823 2753 1098 2814 Naturam
1125 2753 1541 2812 ministrantem
1572 2753 1876 2834 praebuisse
1918 2777 1934 2812 ε
1977 2775 2120 2834 quos
2163 2757 2242 2816 ita

77 2863 358 2922 educatos
406 2875 464 2921 et
509 2861 730 2920 adultos
781 2883 962 2946 genus
1007 2860 1304 2921 hominum
1355 2859 1721 2942 propagasse.
1770 2860 1925 2920 Zeno
1961 2861 2198 2921 Cittieus
2218 2907 2237 2936 ,

79 2967 284 3026 Stoicae
315 2980 480 3026 sectae
511 2966 806 3038 conditor,
838 2969 1188 3048 principium
1222 2965 1483 3026 humano·
1506 2963 1703 3048 generi
1732 2989 1805 3026 ex
1836 2987 1986 3027 novo
2015 2967 2238 3029 Mundo

81 3075 452 3134 constitutum
484 3075 734 3156 putavit,
767 3075 1096 3154 primosque
1124 3073 1385 3132 homines
1420 3094 1492 3132 ex
1524 3071 1645 3132 solo
1678 3071 2025 3134 adminiculo
2055 3075 2233 3136 divini

87 3183 237 3264 ignis
256 3225 272 3254 ,
305 3183 368 3241 id
389 3195 474 3240 est
489 3225 506 3255 ,
534 3181 643 3240 Dei
665 3179 1022 3262 providentia
1045 3223 1060 3254 ,
1085 3181 1326 3262 genitos.
1361 3181 1625 3260 Denique
1654 3181 1825 3239 etiam
1846 3181 2018 3263 vulgo
2038 3183 2235 3242 credi-

85 3301 213 3347 tum
243 3300 324 3347 est
342 3333 360 3362 ,
391 3287 768 3369 quarumdam
797 3288 1050 3369 gentium
1079 3287 1371 3367 principes
1398 3287 1713 3368 terrigenas
1744 3307 1867 3346 esse
1885 3330 1901 3358 ‚
1936 3299 2001 3346 ut
2026 3289 2089 3346 in
2118 3291 2235 3350 At·-

89 3397 225 3467 tica,
241 3407 294 3453 et
313 3394 1016 3473 Arcadia,Thessaliaque,
1041 3413 1252 3473 eosque
1273 3391 1699 3452 Autochthonas
1709 3383 1921 3453 vocari.
1946 3421 1975 3448 ³»
2000 3395 2229 3477 Septem
2256 3393 2263 3398 ’

89 3503 394 3562 sententias
407 3502 503 3561 hic
524 3500 699 3560 habes
711 3500 878 3560 valde
900 3513 998 3560 aut
1019 3501 1222 3562 leviter
1237 3499 1528 3560 dissonas:
1556 3523 1589 3560 e
1618 3500 1825 3581 quibus
1854 3504 2039 3584 prima
2076 3503 2231 3565 Poe-

93 3618 273 3668 ta‘rum
304 3622 418 3682 est,
452 3609 550 3688 qui
585 3629 616 3666 e
644 3607 765 3666 luto
799 3621 898 3666 aut
923 3606 1210 3689 lapidibus
1233 3607 1519 3680 formant,
1555 3606 1731 3688 idque
1759 3607 2009 3670 bumana
2026 3633 2219 3693 opera.

95 3713 325 3774 Fabellae
345 3727 510 3774 notae.
539 3713 728 3772 Altera
755 3724 839 3771 est
861 3712 1308 3785 Anaximandri,
1334 3713 1435 3794 qui
1454 3735 1525 3771 ex
1540 3714 1706 3795 Aqua
1728 3726 1784 3772 et
1798 3715 1959 3774 Limo
1982 3715 2217 3776 format:

96 3820 353 3882 hactenus
382 3821 536 3881 haud
563 3822 845 3902 pessime:
874 3818 977 3908 sed
1003 3819 1162 3901 quod
1189 3821 1248 3878 in
1277 3823 1463 3902 pisces
1484 3823 1670 3902 primo
1690 3867 1707 3897 ,
1741 3835 1799 3881 et
1826 3842 1858 3881 e
1880 3820 2131 3904 piscibus
2158 3823 2215 3881 in

95 3927 336 3990 homines
357 3974 374 4004 ,
402 3931 462 3990 id
481 3943 795 3990 monstrum
826 3940 923 3987 aut
942 3927 1208 3987 delirium
1228 3929 1395 4010 sapit.
1416 3925 1491 3986 Et
1511 3949 1647 3987 vero
1672 3928 1826 4010 apud
1848 3928 2214 4014 Plutarchum

101 4035 198 4116 (de
221 4035 364 4098 Plac.
391 4059 517 4118 cap.
553 4034 664 4119 18)
687 4035 794 4096 alia
837 4048 920 4094 est
963 4033 1377 4094 Anaximandri
1421 4036 1697 4094 sententia
1740 4057 1755 4090 ε
1804 4061 1829 4086 α
1860 4035 2213 4126 inHumido
