2667 4475
454 338 965 411 PHYSIOL.
1019 336 1531 409 STOICOR.
1584 338 1784 410 LIB.
1836 339 1943 409 11,
2139 342 2266 411 581

97 512 128 541 α
173 482 446 545 Mundus
471 530 489 561 ,
523 487 775 566 primum
806 482 1056 555 animab
1091 483 1407 544 secundum
1433 482 1506 543 ab
1533 482 1663 558 nlo,
1686 482 1898 543 Homo.
1934 508 1963 535 n
1984 480 2074 543 Et
2102 483 2275 561 alibi,

95 619 128 646 «ι
173 590 507 651 immortale
531 591 741 651 animal
771 616 798 645 ι»
836 589 993 649 dicit.
1029 588 1146 650 Sed
1177 584 1383 650 iterum
1416 590 1490 650 ad
1518 587 1733 649 Laertii
1760 588 1937 648 verba
1954 633 1972 665 ,
2006 586 2279 649 Animam

91 722 180 759 ex
215 720 290 759 eo
316 700 589 759 concham.
624 697 796 773 Quo?
841 720 916 756 an
957 696 1117 757 toto?
1148 718 1264 757 non
1286 741 1303 772 ,
1341 696 1447 757 sed
1492 696 1617 777 ipsa
1646 696 1892 770 Anima,
1922 718 2098 779 quam
2140 676 2274 755 Toti

91 806 348 867 dabant.
381 802 460 864 Et
497 824 624 887 quae
657 802 825 884 illan
843 801 1004 887 Ignis
1031 827 1048 875 ;
1099 804 1228 885 quis
1275 803 1476 887 Ignis?
1514 802 1696 865 Deus.
1744 803 1874 863 Hoc
1924 802 2214 864 diversum
2247 826 2281 862 a

92 912 422 972 Platonicis
450 912 630 972 nostri
659 910 875 979 habent
897 934 912 981 ;
947 912 1052 971 etsi
1085 910 1280 971 audita
1311 888 1593 972 sententia
1612 954 1629 985 ,
1662 932 1779 971 non
1810 910 2105 993 explorata
2121 955 2139 986 ,
2165 912 2280 970 im·-

92 1028 312 1101 ponat.
347 1019 496 1078 Nam
539 1020 769 1099 utrique
797 1019 1063 1078 Animam
1089 1018 1314 1079 Mundo
1359 1018 1619 1079 tribuunt
1644 1061 1661 1093 ,
1694 1030 1753 1077 et
1778 1017 1972 1078 Deum
2008 1016 2228 1079 faciunt
2258 1031 2277 1077 ἰ

91 1126 212 1186 sed
253 1126 480 1186 diverso
529 1126 768 1208 paulum
817 1146 1010 1187 sensu.
1062 1125 1222 1187 Plato
1271 1124 1481 1185 Mundi
1524 1126 1775 1185 animam
1806 1146 1881 1185 ex
1924 1124 2053 1186 Deo
2086 1138 2277 1186 natam

92 1235 236 1293 vult
266 1256 283 1292 ε
321 1234 498 1292 nostri
524 1277 541 1307 ,
572 1232 764 1292 Deum
806 1234 992 1314 ipsam
1024 1253 1168 1293 esse.
1209 1230 1304 1292 Illi
1335 1252 1568 1313 quoque
1598 1230 1787 1292 Deum
1806 1275 1823 1307 ,
1858 1230 1965 1293 sed
1992 1231 2281 1294 secunda-

91 1342 264 1400 rium
296 1339 652 1421 quemdam3
699 1360 805 1398 nec
859 1340 1108 1420 primum
1162 1350 1221 1398 et
1271 1350 1513 1420 patrem.
1569 1336 1680 1397 Pro
1723 1336 2043 1398 Stoicorum
2086 1350 2277 1399 mente

91 1448 337 1522 Varro,
369 1446 526 1528 apud
558 1445 844 1507 Isidorum
872 1444 1012 1532 (lib.
1059 1444 1256 1525 VIII)
1287 1469 1304 1503 ε
1345 1472 1373 1499 ιι
1412 1444 1601 1506 Varro
1643 1442 1848 1527 Ignem
1896 1443 2105 1505 Mundi
2144 1446 2279 1504 ani-

91 1576 272 1613 mum
307 1553 466 1614 dicit.
516 1551 765 1613 Proinde
811 1551 970 1634 quod
997 1553 1058 1610 in
1091 1550 1316 1612 Mundo
1365 1552 1525 1635 Ignis
1553 1552 1747 1611 omnia
1776 1550 2092 1633 gubernet,
2130 1551 2279 1611 sicut

91 1663 340 1721 animus
367 1662 430 1719 in
461 1660 646 1719 nohis.
677 1644 864 1734 Quam}
895 1659 1204 1719 vanissime
1229 1654 1256 1717 ι·
1277 1658 1391 1733 Qui
1422 1678 1603 1739 quum
1638 1671 1761 1733 est,
1796 1658 2020 1739 inquit,
2052 1658 2116 1717 in
2156 1680 2273 1717 no-

93 1770 195 1827 bis
219 1812 239 1842 ,
291 1768 575 1839 vivimus3
629 1786 809 1847 quum
853 1766 974 1825 exit
992 1810 1010 1841 ,
1057 1764 1391 1825 emorimur.
1433 1790 1461 1817 »ι
1508 1764 1863 1846 Augustinus
1884 1808 1901 1839 ,
1952 1763 2027 1825 de
2070 1764 2276 1825 eodem

93 1876 373 1936 Varrone
407 1874 535 1957 (IV
564 1874 638 1934 de
683 1874 809 1935 civ.
857 1896 984 1955 cap.
1021 1874 1088 1935 31
1115 1870 1144 1954 )
1174 1895 1190 1931 ε
1227 1898 1256 1926 α
1303 1870 1462 1932 Dicit
1488 1871 1645 1931 idem
1674 1886 1875 1933 auctor
1914 1872 2271 1932 acutissimus

93 1996 283 2065 atque
331 1982 690 2041 doctissimus
703 2024 720 2055 ,
762 1979 920 2062 quod
945 1980 1005 2039 hi
1040 1981 1156 2039 soli·
1177 1980 1481 2041 videantur
1507 1980 1562 2040 ei
1589 1978 2057 2041 animadvertisse
2074 2025 2092 2056 ,
2130 1982 2273 2062 quid

93 2103 259 2150 esset
289 2087 449 2148 Deus
475 2133 493 2164 ,
529 2090 637 2170 qu‘r
676 2086 1046 2149 crediderunt
1095 2083 1229 2149 eum
1263 2109 1389 2147 esse
1438 2066 1708 2147 Animam
1750 2098 1910 2146 motu
1950 2108 2019 2146 ac
2050 2087 2269 2147 ratione

92 2196 396 2259 Mundum
411 2196 845 2280 gubernantem.
859 2222 888 2249 ιι
907 2195 1040 2258 Vox
1062 2206 1216 2256 motu
1235 2216 1359 2255 non
1382 2195 1615 2254 omnino
1635 2193 2017 2268 disconvenit,
2040 2192 2223 2253 fateor
2246 2216 2277 2252 :-

93 2319 156 2365 et
187 2307 388 2367 verius
427 2317 619 2363 tamen
663 2302 891 2363 credam
910 2347 927 2376 ,
963 2298 1179 2363 Mente.
1235 2301 1477 2375 Cicero„
1510 2300 1585 2359 de
1630 2298 1833 2360 Stoicis
1861 2297 1935 2380 (Ι
1983 2300 2163 2360 Acad.
2186 2299 2214 2382 )
2246 2325 2263 2360 =

97 2439 126 2465 t<
165 2409 464 2470 Mundum
505 2421 706 2470 natura
757 2410 1038 2469 sentiente
1077 2407 1297 2484 teneri,
1332 2408 1394 2467 in
1440 2427 1555 2487 qua
1586 2406 1753 2468 Ratio
1800 2405 2050 2488 perfecta
2090 2408 2228 2467 insit
2244 2453 2265 2481 ,

91 2539 233 2600 quae
260 2517 336 2575 sit
367 2515 568 2576 eadem
595 2517 962 2598 sempiterna.
996 2515 1185 2590 Quam
1211 2514 1329 2599 vim
1360 2514 1635 2574 Animum
1666 2533 1789 2574 esse
1821 2513 2022 2574 dicunt
2054 2513 2263 2575 Mundi

93 2625 484 2706 eamdemque
514 2645 638 2685 esse
669 2623 926 2684 Mentem
968 2601 1433 2704 sapientiamque
1467 2618 1776 2703 perfectam
1802 2665 1821 2697 ,
1854 2643 2029 2702 quam
2072 2621 2263 2682 Deum

93 2731 326 2790 dicunt.
339 2756 368 2783 κ
384 2729 492 2790 Est
508 2732 684 2814 igitur
695 2731 768 2789 iis
778 2728 987 2788 Anima
1006 2771 1024 2802 ,
1043 2715 1130 2788 est
1147 2729 1341 2808 eteius
1356 2730 1655 2811 ἡγιμονικόν
1672 2771 1690 2803 ,
1701 2726 1898 2799 Raab,
1920 2729 1982 2788 in
1997 2727 2223 2789 Mundo
2245 2753 2266 2799 ;·

93 2839 250 2898 sicut
293 2839 352 2896 in
394 2825 632 2898 homine.
664 2836 933 2919 ponimus
962 2851 984 2895 t
1017 2847 1190 2917 atque
1227 2856 1295 2895 ea
1340 2833 1517 2895 Ratio
1567 2836 1799 2916 proprie
1840 2835 2022 2896 Deus.
2077 2837 2259 2896 Multa

93 2967 276 3026 super
304 2943 412 3004 hac
442 2967 505 3006 re
523 2990 540 3018 ,
577 2965 611 3004 e
641 2944 834 3004 multis
859 2991 874 3015 ,
911 2962 1138 3024 possem
1169 2966 1186 3001 ε
1221 2942 1326 3003 sed
1367 2941 1525 3024 quod
1562 2943 1697 3002 satis
1734 2943 1809 3002 sit
1836 2987 1853 3018 ,
1888 2943 2015 3004 dixi
2042 2965 2253 3027 nuper,
2368 2975 2385 2992 =

94 3070 282 3130 quum
314 3048 388 3110 de
433 3052 560 3132 ipso
604 3049 732 3110 Deo
763 3047 1126 3109 dissertatum
1163 3046 1303 3130 (lib.
1342 3046 1373 3106 I
1398 3091 1416 3123 ,
1448 3045 1605 3107 Diss.
1652 3045 1797 3129 vu).
1837 3047 1987 3124 Cum,
2021 3045 2258 3109 Philone

98 3155 366 3216 claudam
384 3200 402 3233 ‚
435 3158 537 3239 qui
566 3157 684 3216 haec
724 3178 756 3216 a
785 3155 1064 3216 Chaldaeis
1107 3176 1372 3214 manasse
1416 3155 1667 3216 ostendit
1693 3198 1710 3230 ,
1759 3136 1817 3214 et
1845 3154 2083 3216 damnat
2106 3155 2257 3240 (περὶ

99 3260 382 3343 ἀποικίας)
409 3285 426 3321 =
454 3289 482 3316 κ
512 3261 761 3323 Chaldaei
779 3305 797 3337 ,
823 3261 1046 3343 inquit,
1081 3281 1253 3342 super
1282 3261 1421 3320 alios
1450 3255 2163 3332 hominessAstronomiam
2196 3277 2254 3324 et

103 3366 536 3428 Genethliacam
565 3369 892 3429 excolentes
908 3412 925 3443 ,
953 3360 1136 3427 infera
1166 3367 1389 3449 superis
1406 3411 1423 3442 ,
1450 3367 1688 3427 caelestia
1716 3370 1958 3428 terrenis
1984 3372 2256 3454 adaptare

105 3486 162 3533 et
190 3476 430 3558 jungere
457 3475 806 3549 nitebantur,
839 3487 1112 3556 tanquam
1141 3473 1379 3534 Musicis
1405 3475 1718 3534 rationibus
1739 3477 1932 3536 omnia
1954 3479 2257 3540 concinere

107 3592 166 3640 et
190 3559 498 3660 convenire
522 3581 672 3642 inter
693 3601 756 3641 se
777 3579 1009 3640 aiebant
1024 3624 1041 3656 ,
1060 3581 1202 3640 locis
1226 3580 1541 3668 disjuncta,
1563 3583 1899 3666 cognatione
1929 3586 2249 3664 conjuncta.

112 3685 296 3747 Iidem
347 3699 718 3769 apparentem
758 3685 912 3745 hunc
963 3698 1022 3745 et
1062 3688 1322 3748 sensibus
1365 3687 1685 3767 subjectum
1739 3687 2026 3770 Mundum
2060 3693 2257 3774 suspi-

113 3793 220 3852 cati
261 3804 393 3853 sunt
424 3806 484 3854 et
512 3790 818 3854 ediderunt
837 3836 854 3867 ,
898 3803 997 3852 aut
1041 3793 1229 3874 ipsum
1258 3794 1444 3854 solum
1477 3815 1601 3854 esse
1630 3793 1821 3855 Deum
1844 3840 1861 3870 ,
1893 3807 1991 3856 aut
2022 3821 2147 3879 quae
2186 3822 2255 3859 eo

114 3901 430 3960 continetur
457 3900 726 3960 Universi
771 3899 1041 3959 animam.
1076 3898 1281 3960 Fatum
1324 3912 1515 3962 autem
1558 3915 1616 3962 et
1640 3901 2047 3962 Necessitatem
2077 3885 2251 3966 deifi-
2332 3957 2343 3972 ,

117 4019 302 4066 cantes
324 4051 341 4084 ,
369 4019 433 4068 ut
461 4008 542 4067 sic
573 4007 760 4068 dicam
777 4053 794 4083 ,
828 4020 886 4068 et
913 4021 1306 4068 consecrantes
1324 4053 1342 4083 ,
1374 3990 1593 4070 sumnia
1618 4009 1910 4091 impietate
1934 4011 2106 4072 vitam
2130 4013 2254 4077 hu—

115 4132 336 4182 manam
363 4115 730 4198 repleverunt
753 4158 772 4194 ,
807 4115 1074 4178 docentes
1105 4127 1306 4196 praeter
1335 4115 1453 4179 hac
1482 4139 1609 4192 qum
1636 4118 2083 4200 conspiciuntur,
2118 4125 2252 4186 nul-

1905 4211 1914 4230 1
2266 4229 2301 4256 Ι
