<?xml version="1.0" encoding="UTF-8"?>
<!DOCTYPE html PUBLIC "-//W3C//DTD XHTML 1.0 Transitional//EN"
    "http://www.w3.org/TR/xhtml1/DTD/xhtml1-transitional.dtd">
<html xmlns="http://www.w3.org/1999/xhtml" xml:lang="en" lang="en">
 <head>
  <title>
</title>
<meta http-equiv="Content-Type" content="text/html;charset=utf-8" />
  <meta name='ocr-system' content='tesseract 3.04.00' />
  <meta name='ocr-capabilities' content='ocr_page ocr_carea ocr_par ocr_line ocrx_word'/>
</head>
<body>
  <div class='ocr_page' id='page_1' title='image "./lannaeisenecaeo04bouigoog_0505.png"; bbox 0 0 2667 4475; ppageno 0'>
   <div class='ocr_carea' id='block_1_1' title="bbox 436 308 1848 378">
    <p class='ocr_par' dir='ltr' id='par_1_1' title="bbox 436 308 1848 378">
     <span class='ocr_line' id='line_1_1' title="bbox 436 308 1848 378; baseline -0.001 -2"><span class='ocrx_word' id='word_1_1' title='bbox 436 309 565 378; x_wconf 79' lang='lat'>508</span> <span class='ocrx_word' id='word_1_2' title='bbox 1176 308 1475 378; x_wconf 83' lang='lat' dir='ltr'>JUSTI</span> <span class='ocrx_word' id='word_1_3' title='bbox 1517 308 1848 378; x_wconf 88' lang='lat' dir='ltr'>LIPSII</span> 
     </span>
    </p>
   </div>
   <div class='ocr_carea' id='block_1_2' title="bbox 370 450 2536 851">
    <p class='ocr_par' dir='ltr' id='par_1_2' title="bbox 370 450 2536 851">
     <span class='ocr_line' id='line_1_2' title="bbox 370 450 2534 534; baseline 0 -24"><span class='ocrx_word' id='word_1_4' title='bbox 370 471 375 474; x_wconf 85' lang='lat'>·</span> <span class='ocrx_word' id='word_1_5' title='bbox 427 452 917 512; x_wconf 80' lang='lat' dir='ltr'>ministrationem.</span> <span class='ocrx_word' id='word_1_6' title='bbox 950 450 1126 534; x_wconf 79' lang='lat' dir='ltr'>Jungi</span> <span class='ocrx_word' id='word_1_7' title='bbox 1148 453 1305 513; x_wconf 88' lang='lat' dir='ltr'>enim</span> <span class='ocrx_word' id='word_1_8' title='bbox 1332 451 1450 512; x_wconf 68' lang='lat' dir='ltr'>bac</span> <span class='ocrx_word' id='word_1_9' title='bbox 1475 451 1592 512; x_wconf 90' lang='lat' dir='ltr'>duo</span> <span class='ocrx_word' id='word_1_10' title='bbox 1620 451 1834 512; x_wconf 85' lang='lat' dir='ltr'>debent</span> <span class='ocrx_word' id='word_1_11' title='bbox 1854 495 1874 524; x_wconf 90' lang='lat'>,</span> <span class='ocrx_word' id='word_1_12' title='bbox 1909 464 1969 511; x_wconf 89' lang='lat' dir='ltr'>et</span> <span class='ocrx_word' id='word_1_13' title='bbox 2003 479 2032 506; x_wconf 82' lang='grc' dir='ltr'>ιι</span> <span class='ocrx_word' id='word_1_14' title='bbox 2055 452 2300 514; x_wconf 80' lang='lat' dir='ltr'>Necesse</span> <span class='ocrx_word' id='word_1_15' title='bbox 2329 467 2414 514; x_wconf 53' lang='grc' dir='ltr'>εἰ</span> <span class='ocrx_word' id='word_1_16' title='bbox 2429 498 2445 524; x_wconf 87' lang='grc'><em>,</em></span> <span class='ocrx_word' id='word_1_17' title='bbox 2475 455 2534 512; x_wconf 81' lang='lat' dir='ltr'>ait</span> 
     </span>
     <span class='ocr_line' id='line_1_3' title="bbox 426 557 2532 632; baseline -0.002 -14"><span class='ocrx_word' id='word_1_18' title='bbox 426 559 815 618; x_wconf 83' lang='lat' dir='ltr'>Damascenus</span> <span class='ocrx_word' id='word_1_19' title='bbox 834 601 853 632; x_wconf 90' lang='lat'>,</span> <span class='ocrx_word' id='word_1_20' title='bbox 866 565 871 570; x_wconf 86' lang='grc'><em>“</em></span> <span class='ocrx_word' id='word_1_21' title='bbox 884 558 1151 618; x_wconf 88' lang='lat' dir='ltr'>eumdem</span> <span class='ocrx_word' id='word_1_22' title='bbox 1170 579 1293 620; x_wconf 84' lang='lat' dir='ltr'>esse</span> <span class='ocrx_word' id='word_1_23' title='bbox 1312 557 1682 618; x_wconf 79' lang='lat' dir='ltr'>Conditorem</span> <span class='ocrx_word' id='word_1_24' title='bbox 1709 579 1900 618; x_wconf 88' lang='lat' dir='ltr'>rerum</span> <span class='ocrx_word' id='word_1_25' title='bbox 1922 572 1982 618; x_wconf 88' lang='lat' dir='ltr'>et</span> <span class='ocrx_word' id='word_1_26' title='bbox 2005 559 2532 620; x_wconf 79' lang='lat' dir='ltr'>Administratorem:</span> 
     </span>
     <span class='ocr_line' id='line_1_4' title="bbox 424 663 2536 745; baseline 0 -22"><span class='ocrx_word' id='word_1_27' title='bbox 424 685 613 744; x_wconf 87' lang='lat' dir='ltr'>neque</span> <span class='ocrx_word' id='word_1_28' title='bbox 651 677 931 745; x_wconf 78' lang='lat' dir='ltr'>possunt,</span> <span class='ocrx_word' id='word_1_29' title='bbox 954 669 1054 724; x_wconf 81' lang='lat' dir='ltr'>aut</span> <span class='ocrx_word' id='word_1_30' title='bbox 1092 663 1305 726; x_wconf 86' lang='lat' dir='ltr'>debent</span> <span class='ocrx_word' id='word_1_31' title='bbox 1339 663 1542 724; x_wconf 86' lang='lat' dir='ltr'>dividi.</span> <span class='ocrx_word' id='word_1_32' title='bbox 1577 664 1672 724; x_wconf 90' lang='lat' dir='ltr'>Sic</span> <span class='ocrx_word' id='word_1_33' title='bbox 1705 664 1862 723; x_wconf 87' lang='lat' dir='ltr'>enim</span> <span class='ocrx_word' id='word_1_34' title='bbox 1891 665 2266 725; x_wconf 75' lang='lat' dir='ltr'>imbecillitati</span> <span class='ocrx_word' id='word_1_35' title='bbox 2305 666 2536 724; x_wconf 83' lang='lat' dir='ltr'>alteruter</span> 
     </span>
     <span class='ocr_line' id='line_1_5' title="bbox 426 768 2536 851; baseline -0 -21"><span class='ocrx_word' id='word_1_36' title='bbox 426 783 575 830; x_wconf 81' lang='lat' dir='ltr'>esset</span> <span class='ocrx_word' id='word_1_37' title='bbox 596 770 909 840; x_wconf 78' lang='lat' dir='ltr'>obnoxius3</span> <span class='ocrx_word' id='word_1_38' title='bbox 938 771 1101 850; x_wconf 85' lang='lat' dir='ltr'>quasi</span> <span class='ocrx_word' id='word_1_39' title='bbox 1131 782 1231 830; x_wconf 87' lang='lat' dir='ltr'>aut</span> <span class='ocrx_word' id='word_1_40' title='bbox 1251 771 1359 829; x_wconf 87' lang='lat' dir='ltr'>iste</span> <span class='ocrx_word' id='word_1_41' title='bbox 1387 768 1650 830; x_wconf 78' lang='lat' dir='ltr'>Condere</span> <span class='ocrx_word' id='word_1_42' title='bbox 1673 791 1792 830; x_wconf 87' lang='lat' dir='ltr'>non</span> <span class='ocrx_word' id='word_1_43' title='bbox 1823 783 2044 851; x_wconf 85' lang='lat' dir='ltr'>posset,</span> <span class='ocrx_word' id='word_1_44' title='bbox 2085 771 2182 830; x_wconf 83' lang='lat' dir='ltr'>ille</span> <span class='ocrx_word' id='word_1_45' title='bbox 2211 793 2331 832; x_wconf 90' lang='lat' dir='ltr'>non</span> <span class='ocrx_word' id='word_1_46' title='bbox 2363 769 2536 830; x_wconf 67' lang='lat' dir='ltr'>Admi-</span> 
     </span>
    </p>
   </div>
   <div class='ocr_carea' id='block_1_3' title="bbox 311 877 2532 961">
    <p class='ocr_par' dir='ltr' id='par_1_3' title="bbox 311 877 2532 961">
     <span class='ocr_line' id='line_1_6' title="bbox 311 877 2532 961; baseline -0 -24"><span class='ocrx_word' id='word_1_47' title='bbox 311 898 318 905; x_wconf 84' lang='lat'><strong>·</strong></span> <span class='ocrx_word' id='word_1_48' title='bbox 422 879 663 938; x_wconf 82' lang='lat' dir='ltr'>nistrare</span> <span class='ocrx_word' id='word_1_49' title='bbox 684 891 743 936; x_wconf 87' lang='lat' dir='ltr'>et</span> <span class='ocrx_word' id='word_1_50' title='bbox 762 885 1121 938; x_wconf 79' lang='lat' dir='ltr'>conservare.</span> <span class='ocrx_word' id='word_1_51' title='bbox 1147 904 1175 931; x_wconf 73' lang='grc' dir='ltr'><strong><em>κ</em></strong></span> <span class='ocrx_word' id='word_1_52' title='bbox 1208 877 1368 940; x_wconf 88' lang='lat' dir='ltr'>Sicut</span> <span class='ocrx_word' id='word_1_53' title='bbox 1386 879 1638 959; x_wconf 87' lang='lat' dir='ltr'>parentis</span> <span class='ocrx_word' id='word_1_54' title='bbox 1665 878 1802 938; x_wconf 87' lang='lat' dir='ltr'>boni</span> <span class='ocrx_word' id='word_1_55' title='bbox 1831 890 1952 952; x_wconf 83' lang='lat' dir='ltr'>est,</span> <span class='ocrx_word' id='word_1_56' title='bbox 1983 891 2040 938; x_wconf 90' lang='lat' dir='ltr'>et</span> <span class='ocrx_word' id='word_1_57' title='bbox 2062 880 2301 961; x_wconf 80' lang='lat' dir='ltr'>gignere</span> <span class='ocrx_word' id='word_1_58' title='bbox 2321 879 2532 959; x_wconf 86' lang='lat' dir='ltr'>prolem,</span> 
     </span>
    </p>
   </div>
   <div class='ocr_carea' id='block_1_4' title="bbox 412 981 2538 4077">
    <p class='ocr_par' dir='ltr' id='par_1_4' title="bbox 412 981 2538 4077">
     <span class='ocr_line' id='line_1_7' title="bbox 423 981 2536 1066; baseline -0.001 -25"><span class='ocrx_word' id='word_1_59' title='bbox 423 994 483 1041; x_wconf 88' lang='lat' dir='ltr'>et</span> <span class='ocrx_word' id='word_1_60' title='bbox 511 983 719 1043; x_wconf 89' lang='lat' dir='ltr'>deinde</span> <span class='ocrx_word' id='word_1_61' title='bbox 751 983 903 1044; x_wconf 87' lang='lat' dir='ltr'>alere</span> <span class='ocrx_word' id='word_1_62' title='bbox 930 995 1102 1064; x_wconf 86' lang='lat' dir='ltr'>atque</span> <span class='ocrx_word' id='word_1_63' title='bbox 1136 981 1381 1043; x_wconf 83' lang='lat' dir='ltr'>educare</span> <span class='ocrx_word' id='word_1_64' title='bbox 1419 985 1554 1044; x_wconf 71' lang='lat' dir='ltr'>z&#39;ita</span> <span class='ocrx_word' id='word_1_65' title='bbox 1592 997 1651 1051; x_wconf 82' lang='lat' dir='ltr'>et</span> <span class='ocrx_word' id='word_1_66' title='bbox 1689 985 1882 1066; x_wconf 80' lang='lat' dir='ltr'>magni</span> <span class='ocrx_word' id='word_1_67' title='bbox 1925 985 2078 1044; x_wconf 86' lang='lat' dir='ltr'>illius</span> <span class='ocrx_word' id='word_1_68' title='bbox 2121 986 2328 1044; x_wconf 83' lang='lat' dir='ltr'>nostri.</span> <span class='ocrx_word' id='word_1_69' title='bbox 2373 983 2536 1042; x_wconf 81' lang='lat' dir='ltr'>Cicero</span> 
     </span>
     <span class='ocr_line' id='line_1_8' title="bbox 420 1088 2538 1172; baseline 0 -24"><span class='ocrx_word' id='word_1_70' title='bbox 420 1089 637 1172; x_wconf 79' lang='lat' dir='ltr'>igitur(</span> <span class='ocrx_word' id='word_1_71' title='bbox 656 1089 750 1149; x_wconf 92' lang='lat'>111</span> <span class='ocrx_word' id='word_1_72' title='bbox 778 1091 871 1150; x_wconf 93' lang='lat' dir='ltr'>De</span> <span class='ocrx_word' id='word_1_73' title='bbox 891 1091 1024 1150; x_wconf 89' lang='lat' dir='ltr'>Nat.</span> <span class='ocrx_word' id='word_1_74' title='bbox 1051 1088 1270 1172; x_wconf 90' lang='lat' dir='ltr'>Deor.)</span> <span class='ocrx_word' id='word_1_75' title='bbox 1295 1089 1414 1150; x_wconf 81' lang='lat' dir='ltr'>haec</span> <span class='ocrx_word' id='word_1_76' title='bbox 1437 1090 1552 1150; x_wconf 91' lang='lat' dir='ltr'>duo</span> <span class='ocrx_word' id='word_1_77' title='bbox 1575 1090 1724 1152; x_wconf 81' lang='lat' dir='ltr'>bene</span> <span class='ocrx_word' id='word_1_78' title='bbox 1743 1091 1932 1172; x_wconf 81' lang='lat' dir='ltr'>jungit</span> <span class='ocrx_word' id='word_1_79' title='bbox 1947 1133 1966 1164; x_wconf 94' lang='lat'>,</span> <span class='ocrx_word' id='word_1_80' title='bbox 1991 1111 2064 1150; x_wconf 85' lang='lat' dir='ltr'>ex</span> <span class='ocrx_word' id='word_1_81' title='bbox 2085 1103 2404 1150; x_wconf 86' lang='lat' dir='ltr'>nostrorum</span> <span class='ocrx_word' id='word_1_82' title='bbox 2429 1109 2538 1148; x_wconf 82' lang='lat' dir='ltr'>scn-</span> 
     </span>
     <span class='ocr_line' id='line_1_9' title="bbox 420 1196 2534 1258; baseline -0.001 -2"><span class='ocrx_word' id='word_1_83' title='bbox 420 1198 599 1256; x_wconf 76' lang='lat' dir='ltr'>tentia</span> <span class='ocrx_word' id='word_1_84' title='bbox 624 1220 639 1256; x_wconf 74' lang='grc' dir='ltr'><em>ε</em></span> <span class='ocrx_word' id='word_1_85' title='bbox 670 1225 699 1250; x_wconf 90' lang='grc' dir='ltr'>ιι</span> <span class='ocrx_word' id='word_1_86' title='bbox 724 1197 979 1258; x_wconf 80' lang='lat' dir='ltr'>Materiae</span> <span class='ocrx_word' id='word_1_87' title='bbox 1010 1197 1288 1257; x_wconf 68' lang='lat' dir='ltr'>universa</span> <span class='ocrx_word' id='word_1_88' title='bbox 1312 1196 1586 1256; x_wconf 86' lang='lat' dir='ltr'>fictricem</span> <span class='ocrx_word' id='word_1_89' title='bbox 1619 1219 1684 1258; x_wconf 90' lang='lat' dir='ltr'>ac</span> <span class='ocrx_word' id='word_1_90' title='bbox 1709 1197 2148 1258; x_wconf 80' lang='lat' dir='ltr'>moderatricem</span> <span class='ocrx_word' id='word_1_91' title='bbox 2171 1213 2302 1258; x_wconf 83' lang='lat' dir='ltr'>esse</span> <span class='ocrx_word' id='word_1_92' title='bbox 2321 1197 2534 1258; x_wconf 82' lang='lat' dir='ltr'>divinam</span> 
     </span>
     <span class='ocr_line' id='line_1_10' title="bbox 420 1289 2533 1384; baseline -0.004 -20"><span class='ocrx_word' id='word_1_93' title='bbox 420 1301 862 1364; x_wconf 82' lang='lat' dir='ltr'>Providentiam.</span> <span class='ocrx_word' id='word_1_94' title='bbox 891 1330 919 1358; x_wconf 73' lang='grc' dir='ltr'>ιο</span> <span class='ocrx_word' id='word_1_95' title='bbox 950 1302 1093 1378; x_wconf 86' lang='lat' dir='ltr'>Quis</span> <span class='ocrx_word' id='word_1_96' title='bbox 1126 1304 1283 1362; x_wconf 90' lang='lat' dir='ltr'>enim</span> <span class='ocrx_word' id='word_1_97' title='bbox 1314 1301 1498 1362; x_wconf 88' lang='lat' dir='ltr'>credit</span> <span class='ocrx_word' id='word_1_98' title='bbox 1516 1346 1533 1376; x_wconf 92' lang='lat'>,</span> <span class='ocrx_word' id='word_1_99' title='bbox 1563 1303 1646 1362; x_wconf 83' lang='lat' dir='ltr'>ait</span> <span class='ocrx_word' id='word_1_100' title='bbox 1671 1302 1890 1364; x_wconf 80' lang='lat' dir='ltr'>Seneca</span> <span class='ocrx_word' id='word_1_101' title='bbox 1917 1301 2034 1384; x_wconf 89' lang='lat' dir='ltr'>(De</span> <span class='ocrx_word' id='word_1_102' title='bbox 2054 1289 2289 1362; x_wconf 81' lang='lat' dir='ltr'>Provid.</span> <span class='ocrx_word' id='word_1_103' title='bbox 2313 1323 2432 1383; x_wconf 82' lang='lat' dir='ltr'>cap.</span> <span class='ocrx_word' id='word_1_104' title='bbox 2463 1299 2533 1380; x_wconf 86' lang='lat'>1):</span> 
     </span>
     <span class='ocr_line' id='line_1_11' title="bbox 424 1408 2538 1494; baseline -0.002 -22"><span class='ocrx_word' id='word_1_105' title='bbox 424 1437 452 1465; x_wconf 73' lang='grc' dir='ltr'>κ</span> <span class='ocrx_word' id='word_1_106' title='bbox 476 1412 611 1472; x_wconf 89' lang='lat' dir='ltr'>Sine</span> <span class='ocrx_word' id='word_1_107' title='bbox 650 1412 884 1474; x_wconf 85' lang='lat' dir='ltr'>custode</span> <span class='ocrx_word' id='word_1_108' title='bbox 922 1424 1149 1472; x_wconf 86' lang='lat' dir='ltr'>tantum</span> <span class='ocrx_word' id='word_1_109' title='bbox 1182 1417 1327 1494; x_wconf 75' lang='lat' dir='ltr'>opus</span> <span class='ocrx_word' id='word_1_110' title='bbox 1371 1423 1522 1471; x_wconf 82' lang='lat' dir='ltr'>stare</span> <span class='ocrx_word' id='word_1_111' title='bbox 1551 1453 1570 1484; x_wconf 90' lang='lat'>,</span> <span class='ocrx_word' id='word_1_112' title='bbox 1609 1424 1670 1470; x_wconf 89' lang='lat' dir='ltr'>et</span> <span class='ocrx_word' id='word_1_113' title='bbox 1698 1410 1852 1470; x_wconf 86' lang='lat' dir='ltr'>hunc</span> <span class='ocrx_word' id='word_1_114' title='bbox 1889 1411 2144 1472; x_wconf 80' lang='lat' dir='ltr'>siderum</span> <span class='ocrx_word' id='word_1_115' title='bbox 2173 1433 2404 1472; x_wconf 82' lang='lat' dir='ltr'>cursum</span> <span class='ocrx_word' id='word_1_116' title='bbox 2441 1408 2538 1468; x_wconf 63' lang='lat' dir='ltr'>dis-</span> 
     </span>
     <span class='ocr_line' id='line_1_12' title="bbox 418 1515 2536 1599; baseline -0.001 -21"><span class='ocrx_word' id='word_1_117' title='bbox 418 1539 761 1599; x_wconf 77' lang='lat' dir='ltr'>cursumque</span> <span class='ocrx_word' id='word_1_118' title='bbox 800 1517 1017 1578; x_wconf 83' lang='lat' dir='ltr'>fortuiti</span> <span class='ocrx_word' id='word_1_119' title='bbox 1052 1517 1301 1598; x_wconf 86' lang='lat' dir='ltr'>impetus</span> <span class='ocrx_word' id='word_1_120' title='bbox 1347 1515 1516 1576; x_wconf 78' lang='lat' dir='ltr'>esse?</span> <span class='ocrx_word' id='word_1_121' title='bbox 1549 1542 1578 1570; x_wconf 68' lang='lat' dir='ltr'><em>w</em></span> <span class='ocrx_word' id='word_1_122' title='bbox 1617 1515 1759 1592; x_wconf 89' lang='lat' dir='ltr'>Quis</span> <span class='ocrx_word' id='word_1_123' title='bbox 1799 1528 1992 1578; x_wconf 86' lang='lat' dir='ltr'>tamen</span> <span class='ocrx_word' id='word_1_124' title='bbox 2035 1517 2234 1578; x_wconf 83' lang='lat' dir='ltr'>credet</span> <span class='ocrx_word' id='word_1_125' title='bbox 2255 1561 2274 1591; x_wconf 91' lang='lat'>,</span> <span class='ocrx_word' id='word_1_126' title='bbox 2310 1517 2422 1576; x_wconf 75' lang='lat' dir='ltr'>haec</span> <span class='ocrx_word' id='word_1_127' title='bbox 2447 1529 2536 1572; x_wconf 77' lang='lat' dir='ltr'>tam</span> 
     </span>
     <span class='ocr_line' id='line_1_13' title="bbox 416 1621 2536 1705; baseline -0.001 -22"><span class='ocrx_word' id='word_1_128' title='bbox 416 1624 729 1705; x_wconf 76' lang='lat' dir='ltr'>pugnantia</span> <span class='ocrx_word' id='word_1_129' title='bbox 758 1645 984 1683; x_wconf 83' lang='lat' dir='ltr'>servare</span> <span class='ocrx_word' id='word_1_130' title='bbox 1014 1621 1275 1682; x_wconf 87' lang='lat' dir='ltr'>ordinem</span> <span class='ocrx_word' id='word_1_131' title='bbox 1304 1634 1366 1682; x_wconf 87' lang='lat' dir='ltr'>et</span> <span class='ocrx_word' id='word_1_132' title='bbox 1392 1633 1600 1682; x_wconf 85' lang='lat' dir='ltr'>statum</span> <span class='ocrx_word' id='word_1_133' title='bbox 1621 1663 1640 1694; x_wconf 93' lang='lat'>,</span> <span class='ocrx_word' id='word_1_134' title='bbox 1669 1622 1782 1681; x_wconf 83' lang='lat' dir='ltr'>nisi</span> <span class='ocrx_word' id='word_1_135' title='bbox 1822 1622 2032 1683; x_wconf 80' lang='lat' dir='ltr'>Rector</span> <span class='ocrx_word' id='word_1_136' title='bbox 2061 1623 2160 1682; x_wconf 88' lang='lat' dir='ltr'>ille</span> <span class='ocrx_word' id='word_1_137' title='bbox 2201 1625 2314 1696; x_wconf 87' lang='lat' dir='ltr'>sit,</span> <span class='ocrx_word' id='word_1_138' title='bbox 2365 1651 2392 1674; x_wconf 84' lang='grc' dir='ltr'>ι</span> <span class='ocrx_word' id='word_1_139' title='bbox 2409 1622 2536 1698; x_wconf 82' lang='lat' dir='ltr'>cujus</span> 
     </span>
     <span class='ocr_line' id='line_1_14' title="bbox 417 1728 2536 1809; baseline -0.003 -19"><span class='ocrx_word' id='word_1_140' title='bbox 417 1731 655 1790; x_wconf 85' lang='lat' dir='ltr'>consilio</span> <span class='ocrx_word' id='word_1_141' title='bbox 685 1728 817 1788; x_wconf 87' lang='lat' dir='ltr'>huic</span> <span class='ocrx_word' id='word_1_142' title='bbox 840 1728 1063 1788; x_wconf 81' lang='lat' dir='ltr'>Mundo</span> <span class='ocrx_word' id='word_1_143' title='bbox 1082 1729 1435 1809; x_wconf 87' lang='lat' dir='ltr'>providetur,</span> <span class='ocrx_word' id='word_1_144' title='bbox 1467 1740 1533 1786; x_wconf 89' lang='lat' dir='ltr'>ut</span> <span class='ocrx_word' id='word_1_145' title='bbox 1561 1729 1931 1788; x_wconf 84' lang='lat' dir='ltr'>inconcussus</span> <span class='ocrx_word' id='word_1_146' title='bbox 1969 1741 2064 1788; x_wconf 83' lang='lat' dir='ltr'>eat</span> <span class='ocrx_word' id='word_1_147' title='bbox 2079 1773 2098 1804; x_wconf 87' lang='lat'>‚</span> <span class='ocrx_word' id='word_1_148' title='bbox 2131 1741 2404 1809; x_wconf 83' lang='lat' dir='ltr'>acmsque</span> <span class='ocrx_word' id='word_1_149' title='bbox 2433 1745 2536 1784; x_wconf 73' lang='lat' dir='ltr'>suos</span> 
     </span>
     <span class='ocr_line' id='line_1_15' title="bbox 418 1831 2536 1917; baseline -0.004 -21"><span class='ocrx_word' id='word_1_150' title='bbox 418 1835 701 1916; x_wconf 81' lang='lat' dir='ltr'>explicet?</span> <span class='ocrx_word' id='word_1_151' title='bbox 728 1861 757 1888; x_wconf 73' lang='grc' dir='ltr'>ιο</span> <span class='ocrx_word' id='word_1_152' title='bbox 778 1833 939 1917; x_wconf 89' lang='lat' dir='ltr'>(Sen.</span> <span class='ocrx_word' id='word_1_153' title='bbox 964 1834 1026 1896; x_wconf 90' lang='lat'>11</span> <span class='ocrx_word' id='word_1_154' title='bbox 1052 1834 1125 1909; x_wconf 87' lang='lat' dir='ltr'>Q.</span> <span class='ocrx_word' id='word_1_155' title='bbox 1150 1833 1223 1894; x_wconf 81' lang='lat' dir='ltr'>N.</span> <span class='ocrx_word' id='word_1_156' title='bbox 1248 1857 1304 1894; x_wconf 88' lang='lat' dir='ltr'>e.</span> <span class='ocrx_word' id='word_1_157' title='bbox 1332 1831 1466 1916; x_wconf 72' lang='grc'>45.)</span> <span class='ocrx_word' id='word_1_158' title='bbox 1485 1835 1604 1894; x_wconf 88' lang='lat' dir='ltr'>Sed</span> <span class='ocrx_word' id='word_1_159' title='bbox 1627 1835 1744 1894; x_wconf 83' lang='lat' dir='ltr'>vim</span> <span class='ocrx_word' id='word_1_160' title='bbox 1767 1834 1936 1915; x_wconf 82' lang='lat' dir='ltr'>hujus</span> <span class='ocrx_word' id='word_1_161' title='bbox 1959 1833 2336 1895; x_wconf 65' lang='lat' dir='ltr'>Providentiae</span> <span class='ocrx_word' id='word_1_162' title='bbox 2354 1879 2370 1908; x_wconf 94' lang='lat'>,</span> <span class='ocrx_word' id='word_1_163' title='bbox 2395 1846 2446 1892; x_wconf 88' lang='lat' dir='ltr'>et</span> <span class='ocrx_word' id='word_1_164' title='bbox 2457 1851 2536 1888; x_wconf 77' lang='lat' dir='ltr'>va-</span> 
     </span>
     <span class='ocr_line' id='line_1_16' title="bbox 416 1935 2536 2023; baseline -0.003 -22"><span class='ocrx_word' id='word_1_165' title='bbox 416 1942 629 2001; x_wconf 86' lang='lat' dir='ltr'>riantes</span> <span class='ocrx_word' id='word_1_166' title='bbox 644 1941 815 2000; x_wconf 89' lang='lat' dir='ltr'>etiam</span> <span class='ocrx_word' id='word_1_167' title='bbox 829 1961 1005 2023; x_wconf 81' lang='lat' dir='ltr'>super</span> <span class='ocrx_word' id='word_1_168' title='bbox 1028 1962 1095 2000; x_wconf 88' lang='lat' dir='ltr'>ea</span> <span class='ocrx_word' id='word_1_169' title='bbox 1102 1961 1327 2014; x_wconf 82' lang='lat' dir='ltr'>sensus,</span> <span class='ocrx_word' id='word_1_170' title='bbox 1344 1940 1726 2020; x_wconf 85' lang='lat' dir='ltr'>pulcherrime</span> <span class='ocrx_word' id='word_1_171' title='bbox 1737 1938 2035 2020; x_wconf 79' lang='lat' dir='ltr'>Epictetus</span> <span class='ocrx_word' id='word_1_172' title='bbox 2048 1942 2402 2022; x_wconf 84' lang='lat' dir='ltr'>exsequitur,</span> <span class='ocrx_word' id='word_1_173' title='bbox 2415 1935 2536 2018; x_wconf 80' lang='lat' dir='ltr'>apud</span> 
     </span>
     <span class='ocr_line' id='line_1_17' title="bbox 416 2044 2534 2128; baseline -0.002 -21"><span class='ocrx_word' id='word_1_174' title='bbox 416 2047 723 2108; x_wconf 80' lang='lat' dir='ltr'>Arrianum</span> <span class='ocrx_word' id='word_1_175' title='bbox 744 2045 811 2128; x_wconf 90' lang='lat'>(1</span> <span class='ocrx_word' id='word_1_176' title='bbox 827 2045 1069 2106; x_wconf 83' lang='lat' dir='ltr'>Dissert.</span> <span class='ocrx_word' id='word_1_177' title='bbox 1090 2069 1145 2106; x_wconf 90' lang='lat' dir='ltr'>c.</span> <span class='ocrx_word' id='word_1_178' title='bbox 1177 2044 1285 2127; x_wconf 84' lang='lat'>12)</span> <span class='ocrx_word' id='word_1_179' title='bbox 1308 2069 1325 2106; x_wconf 70' lang='grc' dir='ltr'><strong><em>ε</em></strong></span> <span class='ocrx_word' id='word_1_180' title='bbox 1351 2044 1554 2120; x_wconf 68' lang='lat' dir='ltr'>«Quod</span> <span class='ocrx_word' id='word_1_181' title='bbox 1579 2045 1654 2105; x_wconf 91' lang='lat' dir='ltr'>ad</span> <span class='ocrx_word' id='word_1_182' title='bbox 1670 2045 1824 2104; x_wconf 90' lang='lat' dir='ltr'>Deos</span> <span class='ocrx_word' id='word_1_183' title='bbox 1843 2046 2066 2120; x_wconf 82' lang='lat' dir='ltr'>attinet,</span> <span class='ocrx_word' id='word_1_184' title='bbox 2091 2057 2228 2106; x_wconf 83' lang='lat' dir='ltr'>sunt</span> <span class='ocrx_word' id='word_1_185' title='bbox 2243 2047 2348 2126; x_wconf 88' lang='lat' dir='ltr'>qui</span> <span class='ocrx_word' id='word_1_186' title='bbox 2363 2055 2534 2125; x_wconf 77' lang='lat' dir='ltr'>negent</span> 
     </span>
     <span class='ocr_line' id='line_1_18' title="bbox 414 2137 2534 2234; baseline -0.004 -20"><span class='ocrx_word' id='word_1_187' title='bbox 414 2137 599 2214; x_wconf 84' lang='lat' dir='ltr'>ullum</span> <span class='ocrx_word' id='word_1_188' title='bbox 619 2154 845 2214; x_wconf 88' lang='lat' dir='ltr'>Numen</span> <span class='ocrx_word' id='word_1_189' title='bbox 866 2175 1011 2214; x_wconf 78' lang='lat' dir='ltr'>esse.</span> <span class='ocrx_word' id='word_1_190' title='bbox 1033 2154 1179 2215; x_wconf 89' lang='lat' dir='ltr'>Sunt</span> <span class='ocrx_word' id='word_1_191' title='bbox 1194 2155 1295 2234; x_wconf 89' lang='lat' dir='ltr'>qui</span> <span class='ocrx_word' id='word_1_192' title='bbox 1316 2173 1440 2213; x_wconf 87' lang='lat' dir='ltr'>esse</span> <span class='ocrx_word' id='word_1_193' title='bbox 1461 2151 1706 2225; x_wconf 88' lang='lat' dir='ltr'>donent,</span> <span class='ocrx_word' id='word_1_194' title='bbox 1727 2151 1832 2212; x_wconf 89' lang='lat' dir='ltr'>sed</span> <span class='ocrx_word' id='word_1_195' title='bbox 1847 2153 2118 2234; x_wconf 80' lang='lat' dir='ltr'>ignavum</span> <span class='ocrx_word' id='word_1_196' title='bbox 2133 2195 2150 2226; x_wconf 88' lang='lat'>,</span> <span class='ocrx_word' id='word_1_197' title='bbox 2173 2154 2450 2213; x_wconf 88' lang='lat' dir='ltr'>incurium</span> <span class='ocrx_word' id='word_1_198' title='bbox 2465 2193 2479 2222; x_wconf 95' lang='lat'>,</span> <span class='ocrx_word' id='word_1_199' title='bbox 2494 2159 2534 2206; x_wconf 82' lang='lat' dir='ltr'>et</span> 
     </span>
     <span class='ocr_line' id='line_1_19' title="bbox 414 2258 2532 2344; baseline -0.005 -21"><span class='ocrx_word' id='word_1_200' title='bbox 414 2264 557 2323; x_wconf 89' lang='lat' dir='ltr'>nulli</span> <span class='ocrx_word' id='word_1_201' title='bbox 586 2264 671 2322; x_wconf 90' lang='lat' dir='ltr'>rei</span> <span class='ocrx_word' id='word_1_202' title='bbox 697 2262 1017 2344; x_wconf 86' lang='lat' dir='ltr'>providere.</span> <span class='ocrx_word' id='word_1_203' title='bbox 1053 2262 1197 2322; x_wconf 89' lang='lat' dir='ltr'>Sunt</span> <span class='ocrx_word' id='word_1_204' title='bbox 1223 2263 1409 2335; x_wconf 87' lang='lat' dir='ltr'>tertii,</span> <span class='ocrx_word' id='word_1_205' title='bbox 1443 2261 1542 2343; x_wconf 89' lang='lat' dir='ltr'>qui</span> <span class='ocrx_word' id='word_1_206' title='bbox 1577 2274 1634 2321; x_wconf 85' lang='lat' dir='ltr'>et</span> <span class='ocrx_word' id='word_1_207' title='bbox 1663 2281 1787 2329; x_wconf 81' lang='lat' dir='ltr'>esse</span> <span class='ocrx_word' id='word_1_208' title='bbox 1805 2303 1823 2334; x_wconf 94' lang='lat'>,</span> <span class='ocrx_word' id='word_1_209' title='bbox 1865 2271 1924 2319; x_wconf 89' lang='lat' dir='ltr'>et</span> <span class='ocrx_word' id='word_1_210' title='bbox 1949 2260 2254 2342; x_wconf 76' lang='lat' dir='ltr'>providere</span> <span class='ocrx_word' id='word_1_211' title='bbox 2275 2305 2294 2334; x_wconf 91' lang='lat'>,</span> <span class='ocrx_word' id='word_1_212' title='bbox 2327 2258 2424 2319; x_wconf 88' lang='lat' dir='ltr'>sed</span> <span class='ocrx_word' id='word_1_213' title='bbox 2447 2278 2532 2315; x_wconf 85' lang='lat' dir='ltr'>non</span> 
     </span>
     <span class='ocr_line' id='line_1_20' title="bbox 415 2365 2534 2453; baseline -0.004 -24"><span class='ocrx_word' id='word_1_214' title='bbox 415 2370 525 2429; x_wconf 87' lang='lat' dir='ltr'>nisi</span> <span class='ocrx_word' id='word_1_215' title='bbox 554 2370 775 2453; x_wconf 80' lang='lat' dir='ltr'>magnis</span> <span class='ocrx_word' id='word_1_216' title='bbox 804 2381 863 2429; x_wconf 89' lang='lat' dir='ltr'>et</span> <span class='ocrx_word' id='word_1_217' title='bbox 896 2368 1211 2428; x_wconf 71' lang='lat' dir='ltr'>caelestibus</span> <span class='ocrx_word' id='word_1_218' title='bbox 1228 2411 1245 2442; x_wconf 92' lang='lat'>,</span> <span class='ocrx_word' id='word_1_219' title='bbox 1275 2380 1633 2427; x_wconf 87' lang='lat' dir='ltr'>terrenorum</span> <span class='ocrx_word' id='word_1_220' title='bbox 1667 2378 1858 2425; x_wconf 86' lang='lat' dir='ltr'>autem</span> <span class='ocrx_word' id='word_1_221' title='bbox 1892 2366 2058 2426; x_wconf 86' lang='lat' dir='ltr'>nulli.</span> <span class='ocrx_word' id='word_1_222' title='bbox 2099 2365 2303 2440; x_wconf 86' lang='lat' dir='ltr'>Quarti</span> <span class='ocrx_word' id='word_1_223' title='bbox 2319 2410 2338 2441; x_wconf 93' lang='lat'>,</span> <span class='ocrx_word' id='word_1_224' title='bbox 2367 2378 2422 2423; x_wconf 88' lang='lat' dir='ltr'>et</span> <span class='ocrx_word' id='word_1_225' title='bbox 2446 2382 2534 2421; x_wconf 71' lang='lat' dir='ltr'>ce·-</span> 
     </span>
     <span class='ocr_line' id='line_1_21' title="bbox 412 2468 2533 2550; baseline -0.004 -15"><span class='ocrx_word' id='word_1_226' title='bbox 412 2475 649 2537; x_wconf 85' lang='lat' dir='ltr'>lestibus</span> <span class='ocrx_word' id='word_1_227' title='bbox 680 2487 739 2535; x_wconf 90' lang='lat' dir='ltr'>et</span> <span class='ocrx_word' id='word_1_228' title='bbox 768 2475 1127 2536; x_wconf 80' lang='lat' dir='ltr'>terrestribus</span> <span class='ocrx_word' id='word_1_229' title='bbox 1151 2497 1167 2545; x_wconf 87' lang='lat'>;</span> <span class='ocrx_word' id='word_1_230' title='bbox 1190 2473 1295 2533; x_wconf 88' lang='lat' dir='ltr'>sed</span> <span class='ocrx_word' id='word_1_231' title='bbox 1319 2473 1601 2532; x_wconf 87' lang='lat' dir='ltr'>universis</span> <span class='ocrx_word' id='word_1_232' title='bbox 1629 2471 1952 2545; x_wconf 81' lang='lat' dir='ltr'>dumtaxat,</span> <span class='ocrx_word' id='word_1_233' title='bbox 1977 2492 2096 2530; x_wconf 84' lang='lat' dir='ltr'>non</span> <span class='ocrx_word' id='word_1_234' title='bbox 2117 2482 2312 2531; x_wconf 86' lang='lat' dir='ltr'>autem</span> <span class='ocrx_word' id='word_1_235' title='bbox 2335 2468 2533 2550; x_wconf 76' lang='lat' dir='ltr'>singulis</span> 
     </span>
     <span class='ocr_line' id='line_1_22' title="bbox 416 2576 2530 2663; baseline -0.006 -20"><span class='ocrx_word' id='word_1_236' title='bbox 416 2595 475 2643; x_wconf 87' lang='lat' dir='ltr'>et</span> <span class='ocrx_word' id='word_1_237' title='bbox 492 2585 805 2663; x_wconf 84' lang='lat' dir='ltr'>unicuique</span> <span class='ocrx_word' id='word_1_238' title='bbox 830 2584 1087 2642; x_wconf 77' lang='lat' dir='ltr'>seorsim.</span> <span class='ocrx_word' id='word_1_239' title='bbox 1130 2580 1208 2640; x_wconf 81' lang='lat' dir='ltr'>At</span> <span class='ocrx_word' id='word_1_240' title='bbox 1242 2580 1432 2661; x_wconf 85' lang='lat' dir='ltr'>quinti</span> <span class='ocrx_word' id='word_1_241' title='bbox 1449 2622 1468 2653; x_wconf 91' lang='lat'>,</span> <span class='ocrx_word' id='word_1_242' title='bbox 1507 2580 1568 2639; x_wconf 85' lang='lat' dir='ltr'>in</span> <span class='ocrx_word' id='word_1_243' title='bbox 1601 2600 1717 2660; x_wconf 83' lang='lat' dir='ltr'>qua</span> <span class='ocrx_word' id='word_1_244' title='bbox 1749 2590 1912 2659; x_wconf 85' lang='lat' dir='ltr'>parte</span> <span class='ocrx_word' id='word_1_245' title='bbox 1931 2576 2171 2659; x_wconf 79' lang='lat' dir='ltr'>Ulysses</span> <span class='ocrx_word' id='word_1_246' title='bbox 2193 2589 2252 2637; x_wconf 88' lang='lat' dir='ltr'>et</span> <span class='ocrx_word' id='word_1_247' title='bbox 2273 2578 2530 2642; x_wconf 77' lang='lat' dir='ltr'>Socrates,</span> 
     </span>
     <span class='ocr_line' id='line_1_23' title="bbox 416 2684 2530 2771; baseline -0.005 -22"><span class='ocrx_word' id='word_1_248' title='bbox 416 2702 675 2749; x_wconf 84' lang='lat' dir='ltr'>asserunt</span> <span class='ocrx_word' id='word_1_249' title='bbox 704 2702 1071 2771; x_wconf 77' lang='lat' dir='ltr'>statuuntque</span> <span class='ocrx_word' id='word_1_250' title='bbox 1087 2732 1104 2763; x_wconf 94' lang='lat'>,</span> <span class='ocrx_word' id='word_1_251' title='bbox 1128 2685 1283 2769; x_wconf 86' lang='lat' dir='ltr'>quod</span> <span class='ocrx_word' id='word_1_252' title='bbox 1317 2699 1396 2760; x_wconf 86' lang='lat' dir='ltr'>te,</span> <span class='ocrx_word' id='word_1_253' title='bbox 1425 2708 1462 2745; x_wconf 92' lang='lat' dir='ltr'>o</span> <span class='ocrx_word' id='word_1_254' title='bbox 1490 2686 1654 2759; x_wconf 87' lang='lat' dir='ltr'>deus,</span> <span class='ocrx_word' id='word_1_255' title='bbox 1688 2706 1794 2745; x_wconf 90' lang='lat' dir='ltr'>nec</span> <span class='ocrx_word' id='word_1_256' title='bbox 1827 2686 1888 2745; x_wconf 90' lang='lat' dir='ltr'>in</span> <span class='ocrx_word' id='word_1_257' title='bbox 1919 2684 2158 2743; x_wconf 85' lang='lat' dir='ltr'>minimo</span> <span class='ocrx_word' id='word_1_258' title='bbox 2181 2698 2346 2744; x_wconf 86' lang='lat' dir='ltr'>motu</span> <span class='ocrx_word' id='word_1_259' title='bbox 2363 2685 2530 2743; x_wconf 77' lang='lat' dir='ltr'>lateam</span> 
     </span>
     <span class='ocr_line' id='line_1_24' title="bbox 418 2794 2533 2876; baseline -0.003 -22"><span class='ocrx_word' id='word_1_260' title='bbox 418 2807 514 2854; x_wconf 88' lang='lat' dir='ltr'>aut</span> <span class='ocrx_word' id='word_1_261' title='bbox 541 2794 753 2855; x_wconf 80' lang='lat' dir='ltr'>fallam.</span> <span class='ocrx_word' id='word_1_262' title='bbox 787 2822 816 2849; x_wconf 70' lang='grc' dir='ltr'>ιι</span> <span class='ocrx_word' id='word_1_263' title='bbox 848 2796 1000 2857; x_wconf 89' lang='lat' dir='ltr'>Ecce</span> <span class='ocrx_word' id='word_1_264' title='bbox 1032 2794 1337 2876; x_wconf 86' lang='lat' dir='ltr'>pulchrum</span> <span class='ocrx_word' id='word_1_265' title='bbox 1369 2814 1668 2852; x_wconf 84' lang='lat' dir='ltr'>ascensum</span> <span class='ocrx_word' id='word_1_266' title='bbox 1685 2834 1704 2867; x_wconf 89' lang='lat'>,</span> <span class='ocrx_word' id='word_1_267' title='bbox 1751 2804 1808 2851; x_wconf 90' lang='lat' dir='ltr'>et</span> <span class='ocrx_word' id='word_1_268' title='bbox 1838 2812 1974 2851; x_wconf 86' lang='lat' dir='ltr'>vere</span> <span class='ocrx_word' id='word_1_269' title='bbox 2003 2812 2306 2851; x_wconf 86' lang='lat' dir='ltr'>ascensum</span> <span class='ocrx_word' id='word_1_270' title='bbox 2335 2834 2354 2865; x_wconf 88' lang='lat'>‚</span> <span class='ocrx_word' id='word_1_271' title='bbox 2395 2812 2426 2848; x_wconf 84' lang='lat' dir='ltr'>a</span> <span class='ocrx_word' id='word_1_272' title='bbox 2463 2800 2533 2844; x_wconf 80' lang='lat' dir='ltr'>te·-</span> 
     </span>
     <span class='ocr_line' id='line_1_25' title="bbox 416 2895 2530 2983; baseline -0.004 -21"><span class='ocrx_word' id='word_1_273' title='bbox 416 2901 609 2962; x_wconf 86' lang='lat' dir='ltr'>nebris</span> <span class='ocrx_word' id='word_1_274' title='bbox 644 2914 701 2962; x_wconf 87' lang='lat' dir='ltr'>et</span> <span class='ocrx_word' id='word_1_275' title='bbox 732 2902 1025 2983; x_wconf 87' lang='lat' dir='ltr'>impietate</span> <span class='ocrx_word' id='word_1_276' title='bbox 1054 2900 1329 2981; x_wconf 85' lang='lat' dir='ltr'>paulatim</span> <span class='ocrx_word' id='word_1_277' title='bbox 1360 2898 1436 2958; x_wconf 87' lang='lat' dir='ltr'>ad</span> <span class='ocrx_word' id='word_1_278' title='bbox 1460 2896 1650 2958; x_wconf 88' lang='lat' dir='ltr'>lucem</span> <span class='ocrx_word' id='word_1_279' title='bbox 1677 2910 1736 2957; x_wconf 87' lang='lat' dir='ltr'>et</span> <span class='ocrx_word' id='word_1_280' title='bbox 1775 2897 2070 2957; x_wconf 82' lang='lat' dir='ltr'>veritatem</span> <span class='ocrx_word' id='word_1_281' title='bbox 2111 2921 2129 2956; x_wconf 70' lang='grc' dir='ltr'>ι</span> <span class='ocrx_word' id='word_1_282' title='bbox 2163 2917 2340 2977; x_wconf 84' lang='lat' dir='ltr'>quam</span> <span class='ocrx_word' id='word_1_283' title='bbox 2369 2895 2530 2975; x_wconf 71' lang='lat' dir='ltr'>quinta</span> 
     </span>
     <span class='ocr_line' id='line_1_26' title="bbox 414 3008 2530 3099; baseline -0.007 -24"><span class='ocrx_word' id='word_1_284' title='bbox 414 3016 515 3075; x_wconf 86' lang='lat' dir='ltr'>illa</span> <span class='ocrx_word' id='word_1_285' title='bbox 547 3016 827 3074; x_wconf 85' lang='lat' dir='ltr'>sententia</span> <span class='ocrx_word' id='word_1_286' title='bbox 856 3026 942 3073; x_wconf 87' lang='lat' dir='ltr'>est</span> <span class='ocrx_word' id='word_1_287' title='bbox 970 3013 1234 3093; x_wconf 88' lang='lat' dir='ltr'>amplexa</span> <span class='ocrx_word' id='word_1_288' title='bbox 1266 3034 1283 3069; x_wconf 74' lang='lat' dir='ltr'>e</span> <span class='ocrx_word' id='word_1_289' title='bbox 1318 3010 1381 3069; x_wconf 89' lang='lat' dir='ltr'>id</span> <span class='ocrx_word' id='word_1_290' title='bbox 1413 3021 1500 3099; x_wconf 86' lang='lat' dir='ltr'>est</span> <span class='ocrx_word' id='word_1_291' title='bbox 1522 3053 1539 3084; x_wconf 89' lang='lat'>,</span> <span class='ocrx_word' id='word_1_292' title='bbox 1565 3024 1776 3071; x_wconf 87' lang='lat' dir='ltr'>nostra.</span> <span class='ocrx_word' id='word_1_293' title='bbox 1803 3008 1896 3069; x_wconf 88' lang='lat' dir='ltr'>Ita</span> <span class='ocrx_word' id='word_1_294' title='bbox 1917 3008 2071 3068; x_wconf 88' lang='lat' dir='ltr'>enim</span> <span class='ocrx_word' id='word_1_295' title='bbox 2093 3020 2154 3067; x_wconf 89' lang='lat' dir='ltr'>et</span> <span class='ocrx_word' id='word_1_296' title='bbox 2171 3008 2470 3075; x_wconf 83' lang='lat' dir='ltr'>Platonici,</span> <span class='ocrx_word' id='word_1_297' title='bbox 2489 3014 2530 3059; x_wconf 77' lang='lat' dir='ltr'>et</span> 
     </span>
     <span class='ocr_line' id='line_1_27' title="bbox 416 3112 2532 3196; baseline -0.004 -13"><span class='ocrx_word' id='word_1_298' title='bbox 416 3114 593 3183; x_wconf 78' lang='lat' dir='ltr'>nostri</span> <span class='ocrx_word' id='word_1_299' title='bbox 610 3165 627 3196; x_wconf 90' lang='lat'>‚</span> <span class='ocrx_word' id='word_1_300' title='bbox 660 3122 851 3181; x_wconf 86' lang='lat' dir='ltr'>omnia</span> <span class='ocrx_word' id='word_1_301' title='bbox 872 3164 888 3195; x_wconf 91' lang='lat'><strong>‚</strong></span> <span class='ocrx_word' id='word_1_302' title='bbox 924 3120 1163 3180; x_wconf 87' lang='lat' dir='ltr'>minima</span> <span class='ocrx_word' id='word_1_303' title='bbox 1182 3162 1199 3193; x_wconf 94' lang='lat'>,</span> <span class='ocrx_word' id='word_1_304' title='bbox 1232 3119 1484 3178; x_wconf 81' lang='lat' dir='ltr'>maxima</span> <span class='ocrx_word' id='word_1_305' title='bbox 1509 3160 1526 3193; x_wconf 90' lang='lat'>,</span> <span class='ocrx_word' id='word_1_306' title='bbox 1565 3116 1935 3177; x_wconf 70' lang='lat' dir='ltr'>Providentiae</span> <span class='ocrx_word' id='word_1_307' title='bbox 1961 3116 2164 3196; x_wconf 82' lang='lat' dir='ltr'>subjici</span> <span class='ocrx_word' id='word_1_308' title='bbox 2193 3139 2209 3175; x_wconf 88' lang='lat'>=</span> <span class='ocrx_word' id='word_1_309' title='bbox 2241 3142 2272 3169; x_wconf 82' lang='grc' dir='ltr'>ιι</span> <span class='ocrx_word' id='word_1_310' title='bbox 2295 3115 2410 3175; x_wconf 78' lang='lat' dir='ltr'>Nec</span> <span class='ocrx_word' id='word_1_311' title='bbox 2435 3112 2532 3170; x_wconf 74' lang='lat' dir='ltr'>sine</span> 
     </span>
     <span class='ocr_line' id='line_1_28' title="bbox 418 3198 2530 3308; baseline -0.005 -20"><span class='ocrx_word' id='word_1_312' title='bbox 418 3228 681 3301; x_wconf 81' lang='lat' dir='ltr'>Ratione,</span> <span class='ocrx_word' id='word_1_313' title='bbox 704 3226 963 3308; x_wconf 85' lang='lat' dir='ltr'>quamvis</span> <span class='ocrx_word' id='word_1_314' title='bbox 986 3225 1173 3285; x_wconf 83' lang='lat' dir='ltr'>subita</span> <span class='ocrx_word' id='word_1_315' title='bbox 1192 3268 1208 3299; x_wconf 93' lang='lat'>,</span> <span class='ocrx_word' id='word_1_316' title='bbox 1245 3224 1526 3284; x_wconf 88' lang='lat' dir='ltr'>accidere.</span> <span class='ocrx_word' id='word_1_317' title='bbox 1555 3249 1583 3277; x_wconf 71' lang='grc' dir='ltr'>ι»</span> <span class='ocrx_word' id='word_1_318' title='bbox 1608 3220 1770 3304; x_wconf 85' lang='lat' dir='ltr'>(Seu.</span> <span class='ocrx_word' id='word_1_319' title='bbox 1803 3220 2084 3282; x_wconf 73' lang='lat' dir='ltr'>De&#39;Prov.</span> <span class='ocrx_word' id='word_1_320' title='bbox 2111 3244 2162 3283; x_wconf 88' lang='lat' dir='ltr'>c.</span> <span class='ocrx_word' id='word_1_321' title='bbox 2201 3242 2224 3280; x_wconf 89' lang='lat'>1</span> <span class='ocrx_word' id='word_1_322' title='bbox 2241 3220 2290 3303; x_wconf 86' lang='lat'>.)</span> <span class='ocrx_word' id='word_1_323' title='bbox 2309 3219 2452 3280; x_wconf 77' lang='lat' dir='ltr'>Nihil</span> <span class='ocrx_word' id='word_1_324' title='bbox 2465 3198 2530 3273; x_wconf 60' lang='grc' dir='ltr'><strong>δῖ</strong></span> 
     </span>
     <span class='ocr_line' id='line_1_29' title="bbox 419 3320 2531 3412; baseline -0.006 -18"><span class='ocrx_word' id='word_1_325' title='bbox 419 3357 453 3394; x_wconf 85' lang='lat' dir='ltr'>a</span> <span class='ocrx_word' id='word_1_326' title='bbox 472 3355 609 3395; x_wconf 83' lang='lat' dir='ltr'>casu</span> <span class='ocrx_word' id='word_1_327' title='bbox 630 3378 647 3409; x_wconf 94' lang='lat'>,</span> <span class='ocrx_word' id='word_1_328' title='bbox 680 3334 783 3393; x_wconf 87' lang='lat' dir='ltr'>ubi</span> <span class='ocrx_word' id='word_1_329' title='bbox 800 3354 963 3392; x_wconf 86' lang='lat' dir='ltr'>casus</span> <span class='ocrx_word' id='word_1_330' title='bbox 982 3320 1231 3391; x_wconf 81' lang='lat' dir='ltr'>maxime</span> <span class='ocrx_word' id='word_1_331' title='bbox 1249 3341 1490 3412; x_wconf 87' lang='lat' dir='ltr'>apparet</span> <span class='ocrx_word' id='word_1_332' title='bbox 1515 3354 1532 3389; x_wconf 67' lang='grc' dir='ltr'>ι</span> <span class='ocrx_word' id='word_1_333' title='bbox 1561 3328 1665 3389; x_wconf 81' lang='lat' dir='ltr'>sed</span> <span class='ocrx_word' id='word_1_334' title='bbox 1685 3328 1971 3388; x_wconf 88' lang='lat' dir='ltr'>occultum</span> <span class='ocrx_word' id='word_1_335' title='bbox 1995 3326 2212 3407; x_wconf 86' lang='lat' dir='ltr'>aliquid</span> <span class='ocrx_word' id='word_1_336' title='bbox 2238 3325 2408 3385; x_wconf 75' lang='lat' dir='ltr'>divini</span> <span class='ocrx_word' id='word_1_337' title='bbox 2425 3342 2531 3380; x_wconf 77' lang='lat' dir='ltr'>cun-</span> 
     </span>
     <span class='ocr_line' id='line_1_30' title="bbox 420 3426 2530 3523; baseline -0.008 -22"><span class='ocrx_word' id='word_1_338' title='bbox 420 3443 533 3501; x_wconf 78' lang='lat' dir='ltr'>silii</span> <span class='ocrx_word' id='word_1_339' title='bbox 572 3452 686 3516; x_wconf 81' lang='lat' dir='ltr'>est,</span> <span class='ocrx_word' id='word_1_340' title='bbox 720 3463 834 3523; x_wconf 91' lang='lat' dir='ltr'>quo</span> <span class='ocrx_word' id='word_1_341' title='bbox 868 3430 1211 3522; x_wconf 82' lang='lat' dir='ltr'>diriguntur.</span> <span class='ocrx_word' id='word_1_342' title='bbox 1252 3436 1412 3497; x_wconf 85' lang='lat' dir='ltr'>Plato</span> <span class='ocrx_word' id='word_1_343' title='bbox 1449 3433 1550 3517; x_wconf 84' lang='lat' dir='ltr'>(In</span> <span class='ocrx_word' id='word_1_344' title='bbox 1587 3432 1892 3519; x_wconf 88' lang='lat' dir='ltr'>Epinom.)</span> <span class='ocrx_word' id='word_1_345' title='bbox 1931 3434 2180 3493; x_wconf 84' lang='lat' dir='ltr'>sermoni</span> <span class='ocrx_word' id='word_1_346' title='bbox 2215 3455 2321 3493; x_wconf 85' lang='lat' dir='ltr'>suo</span> <span class='ocrx_word' id='word_1_347' title='bbox 2357 3431 2448 3490; x_wconf 78' lang='lat' dir='ltr'>toti</span> <span class='ocrx_word' id='word_1_348' title='bbox 2473 3426 2530 3485; x_wconf 83' lang='lat' dir='ltr'>de</span> 
     </span>
     <span class='ocr_line' id='line_1_31' title="bbox 419 3540 2530 3625; baseline -0.004 -18"><span class='ocrx_word' id='word_1_349' title='bbox 419 3548 548 3608; x_wconf 87' lang='lat' dir='ltr'>Diis</span> <span class='ocrx_word' id='word_1_350' title='bbox 576 3547 687 3607; x_wconf 87' lang='lat' dir='ltr'>hoc</span> <span class='ocrx_word' id='word_1_351' title='bbox 716 3548 874 3609; x_wconf 82' lang='lat' dir='ltr'>velut</span> <span class='ocrx_word' id='word_1_352' title='bbox 897 3545 1335 3608; x_wconf 83' lang='lat' dir='ltr'>fundamentum</span> <span class='ocrx_word' id='word_1_353' title='bbox 1353 3543 1640 3625; x_wconf 81' lang='lat' dir='ltr'>praestruit</span> <span class='ocrx_word' id='word_1_354' title='bbox 1664 3566 1681 3601; x_wconf 85' lang='lat'>=</span> <span class='ocrx_word' id='word_1_355' title='bbox 1713 3568 1742 3595; x_wconf 86' lang='grc' dir='ltr'>ιι</span> <span class='ocrx_word' id='word_1_356' title='bbox 1763 3540 1933 3616; x_wconf 89' lang='lat' dir='ltr'>Quod</span> <span class='ocrx_word' id='word_1_357' title='bbox 1953 3552 2154 3601; x_wconf 86' lang='lat' dir='ltr'>curent</span> <span class='ocrx_word' id='word_1_358' title='bbox 2183 3541 2370 3600; x_wconf 85' lang='lat' dir='ltr'>omnia</span> <span class='ocrx_word' id='word_1_359' title='bbox 2387 3582 2403 3611; x_wconf 90' lang='lat'>,</span> <span class='ocrx_word' id='word_1_360' title='bbox 2425 3556 2530 3594; x_wconf 76' lang='lat' dir='ltr'>ma-</span> 
     </span>
     <span class='ocr_line' id='line_1_32' title="bbox 422 3639 2526 3740; baseline -0.005 -23"><span class='ocrx_word' id='word_1_361' title='bbox 422 3680 534 3740; x_wconf 83' lang='lat' dir='ltr'>gna</span> <span class='ocrx_word' id='word_1_362' title='bbox 565 3678 635 3717; x_wconf 90' lang='lat' dir='ltr'>ea</span> <span class='ocrx_word' id='word_1_363' title='bbox 684 3654 799 3715; x_wconf 89' lang='lat' dir='ltr'>sint</span> <span class='ocrx_word' id='word_1_364' title='bbox 832 3666 931 3714; x_wconf 86' lang='lat' dir='ltr'>aut</span> <span class='ocrx_word' id='word_1_365' title='bbox 964 3676 1161 3736; x_wconf 83' lang='lat' dir='ltr'>parva.</span> <span class='ocrx_word' id='word_1_366' title='bbox 1192 3680 1220 3707; x_wconf 71' lang='lat' dir='ltr'>n</span> <span class='ocrx_word' id='word_1_367' title='bbox 1264 3646 1454 3734; x_wconf 81' lang='lat' dir='ltr'>Atque</span> <span class='ocrx_word' id='word_1_368' title='bbox 1489 3652 1552 3711; x_wconf 89' lang='lat' dir='ltr'>id</span> <span class='ocrx_word' id='word_1_369' title='bbox 1591 3651 1810 3710; x_wconf 87' lang='lat' dir='ltr'>ratione</span> <span class='ocrx_word' id='word_1_370' title='bbox 1845 3650 2018 3709; x_wconf 79' lang='lat' dir='ltr'>etiam</span> <span class='ocrx_word' id='word_1_371' title='bbox 2053 3648 2194 3707; x_wconf 82' lang='lat' dir='ltr'>scita</span> <span class='ocrx_word' id='word_1_372' title='bbox 2227 3639 2526 3708; x_wconf 66' lang='lat' dir='ltr'>docet-alibi</span> 
     </span>
     <span class='ocr_line' id='line_1_33' title="bbox 421 3752 2526 3847; baseline -0.005 -22"><span class='ocrx_word' id='word_1_373' title='bbox 421 3764 575 3847; x_wconf 85' lang='lat' dir='ltr'>(Lib.</span> <span class='ocrx_word' id='word_1_374' title='bbox 604 3762 665 3825; x_wconf 90' lang='lat' dir='ltr'><strong>X</strong></span> <span class='ocrx_word' id='word_1_375' title='bbox 684 3762 757 3823; x_wconf 90' lang='lat' dir='ltr'>de</span> <span class='ocrx_word' id='word_1_376' title='bbox 780 3760 1011 3846; x_wconf 81' lang='lat' dir='ltr'>Legih.)</span> <span class='ocrx_word' id='word_1_377' title='bbox 1031 3806 1048 3835; x_wconf 92' lang='lat'>‚</span> <span class='ocrx_word' id='word_1_378' title='bbox 1078 3760 1169 3821; x_wconf 87' lang='lat' dir='ltr'>his</span> <span class='ocrx_word' id='word_1_379' title='bbox 1196 3761 1318 3820; x_wconf 86' lang='lat' dir='ltr'>fere</span> <span class='ocrx_word' id='word_1_380' title='bbox 1346 3759 1536 3819; x_wconf 81' lang='lat' dir='ltr'>verbis</span> <span class='ocrx_word' id='word_1_381' title='bbox 1558 3802 1575 3833; x_wconf 92' lang='lat'>,</span> <span class='ocrx_word' id='word_1_382' title='bbox 1615 3769 1719 3817; x_wconf 89' lang='lat' dir='ltr'>aut</span> <span class='ocrx_word' id='word_1_383' title='bbox 1750 3776 1922 3816; x_wconf 86' lang='lat' dir='ltr'>sensu</span> <span class='ocrx_word' id='word_1_384' title='bbox 1957 3778 1974 3815; x_wconf 71' lang='grc' dir='ltr'><strong>ε</strong></span> <span class='ocrx_word' id='word_1_385' title='bbox 2013 3782 2042 3809; x_wconf 80' lang='grc' dir='ltr'>ιι</span> <span class='ocrx_word' id='word_1_386' title='bbox 2063 3754 2254 3829; x_wconf 84' lang='lat' dir='ltr'>Quum</span> <span class='ocrx_word' id='word_1_387' title='bbox 2285 3754 2378 3813; x_wconf 85' lang='lat' dir='ltr'>Dii</span> <span class='ocrx_word' id='word_1_388' title='bbox 2403 3752 2526 3814; x_wconf 71' lang='lat' dir='ltr'>sint,</span> 
     </span>
     <span class='ocr_line' id='line_1_34' title="bbox 424 3860 2528 3951; baseline -0.007 -17"><span class='ocrx_word' id='word_1_389' title='bbox 424 3896 539 3933; x_wconf 83' lang='lat' dir='ltr'>non</span> <span class='ocrx_word' id='word_1_390' title='bbox 554 3872 860 3933; x_wconf 85' lang='lat' dir='ltr'>convenire</span> <span class='ocrx_word' id='word_1_391' title='bbox 882 3882 945 3929; x_wconf 86' lang='lat' dir='ltr'>ut</span> <span class='ocrx_word' id='word_1_392' title='bbox 964 3870 1128 3929; x_wconf 87' lang='lat' dir='ltr'>otiosi</span> <span class='ocrx_word' id='word_1_393' title='bbox 1157 3867 1370 3951; x_wconf 82' lang='lat' dir='ltr'>degant</span> <span class='ocrx_word' id='word_1_394' title='bbox 1393 3890 1410 3925; x_wconf 70' lang='grc' dir='ltr'><strong>ε</strong></span> <span class='ocrx_word' id='word_1_395' title='bbox 1437 3887 1637 3927; x_wconf 88' lang='lat' dir='ltr'>curare</span> <span class='ocrx_word' id='word_1_396' title='bbox 1661 3886 1796 3948; x_wconf 82' lang='lat' dir='ltr'>ergo</span> <span class='ocrx_word' id='word_1_397' title='bbox 1817 3884 1910 3924; x_wconf 83' lang='lat' dir='ltr'>res</span> <span class='ocrx_word' id='word_1_398' title='bbox 1935 3863 2233 3923; x_wconf 77' lang='lat' dir='ltr'>humanas.</span> <span class='ocrx_word' id='word_1_399' title='bbox 2259 3860 2438 3935; x_wconf 83' lang='lat' dir='ltr'>Quum</span> <span class='ocrx_word' id='word_1_400' title='bbox 2453 3876 2528 3913; x_wconf 65' lang='grc' dir='ltr'>ιιι·</span> 
     </span>
     <span class='ocr_line' id='line_1_35' title="bbox 426 3968 2528 4077; baseline -0.009 -37"><span class='ocrx_word' id='word_1_401' title='bbox 426 3994 542 4040; x_wconf 87' lang='lat' dir='ltr'>tem</span> <span class='ocrx_word' id='word_1_402' title='bbox 566 3980 823 4041; x_wconf 82' lang='lat' dir='ltr'>omniscii</span> <span class='ocrx_word' id='word_1_403' title='bbox 846 3979 961 4077; x_wconf 65' lang='lat' dir='ltr'>sint</span> <span class='ocrx_word' id='word_1_404' title='bbox 982 4020 998 4051; x_wconf 91' lang='lat'>,</span> <span class='ocrx_word' id='word_1_405' title='bbox 1026 3978 1195 4035; x_wconf 85' lang='lat' dir='ltr'>etiam</span> <span class='ocrx_word' id='word_1_406' title='bbox 1212 3976 1448 4035; x_wconf 86' lang='lat' dir='ltr'>minima</span> <span class='ocrx_word' id='word_1_407' title='bbox 1469 3973 1670 4034; x_wconf 83' lang='lat' dir='ltr'>videre</span> <span class='ocrx_word' id='word_1_408' title='bbox 1693 3985 1752 4033; x_wconf 89' lang='lat' dir='ltr'>et</span> <span class='ocrx_word' id='word_1_409' title='bbox 1771 3992 1938 4032; x_wconf 81' lang='lat' dir='ltr'>nosse</span> <span class='ocrx_word' id='word_1_410' title='bbox 1961 3968 2308 4031; x_wconf 84' lang='lat' dir='ltr'>censendum</span> <span class='ocrx_word' id='word_1_411' title='bbox 2327 3979 2436 4037; x_wconf 84' lang='lat' dir='ltr'>est,</span> <span class='ocrx_word' id='word_1_412' title='bbox 2459 3982 2528 4021; x_wconf 71' lang='lat' dir='ltr'>ea-</span> 
     </span>
    </p>
   </div>
   <div class='ocr_carea' id='block_1_5' title="bbox 425 4072 2522 4172">
    <p class='ocr_par' dir='ltr' id='par_1_5' title="bbox 425 4072 2522 4172">
     <span class='ocr_line' id='line_1_36' title="bbox 425 4072 2522 4172; baseline -0.017 -4"><span class='ocrx_word' id='word_1_413' title='bbox 425 4108 538 4168; x_wconf 65' lang='lat' dir='ltr'>que</span> <span class='ocrx_word' id='word_1_414' title='bbox 571 4089 744 4172; x_wconf 63' lang='lat' dir='ltr'>igitur</span> <span class='ocrx_word' id='word_1_415' title='bbox 772 4104 993 4147; x_wconf 68' lang='lat' dir='ltr'>cumre-</span> <span class='ocrx_word' id='word_1_416' title='bbox 1028 4082 1183 4158; x_wconf 65' lang='lat' dir='ltr'>Quid</span> <span class='ocrx_word' id='word_1_417' title='bbox 1214 4084 1322 4143; x_wconf 81' lang='lat' dir='ltr'>ni?</span> <span class='ocrx_word' id='word_1_418' title='bbox 1366 4082 1568 4163; x_wconf 84' lang='lat' dir='ltr'>procul</span> <span class='ocrx_word' id='word_1_419' title='bbox 1605 4083 1760 4143; x_wconf 88' lang='lat' dir='ltr'>enim</span> <span class='ocrx_word' id='word_1_420' title='bbox 1795 4082 1870 4143; x_wconf 87' lang='lat' dir='ltr'>ab</span> <span class='ocrx_word' id='word_1_421' title='bbox 1897 4081 1968 4142; x_wconf 83' lang='lat' dir='ltr'>iis</span> <span class='ocrx_word' id='word_1_422' title='bbox 1989 4080 2216 4163; x_wconf 82' lang='lat' dir='ltr'>ignavia</span> <span class='ocrx_word' id='word_1_423' title='bbox 2237 4090 2294 4139; x_wconf 91' lang='lat' dir='ltr'>et</span> <span class='ocrx_word' id='word_1_424' title='bbox 2309 4072 2522 4136; x_wconf 77' lang='lat' dir='ltr'>inertia:</span> 
     </span>
    </p>
   </div>
  </div>
 </body>
</html>
