2667 4475
763 282 1292 353 EPISTOLA
1340 282 1622 352 XCIV.
2176 292 2257 357 81

151 440 269 486 non
303 417 648 509 protinus,
697 439 908 508 quum
941 416 1162 485 visum
1194 415 1491 508 recepit,
1540 414 1693 483 aliis
1738 437 2013 507 quoque
2046 431 2269 509 potest

151 532 412 601 reddere
467 558 486 599 ι
542 531 800 600 malitia
853 530 1186 600 liberatus
1239 547 1310 598 et
1366 528 1614 599 liberat
1635 539 1681 598 ¹.
1740 534 1893 600 Non
1942 548 2113 627 opus
2165 552 2269 605 est

151 644 592 715 exhortatione
608 650 666 731 ⁸,
705 669 796 713 ne
829 644 1114 713 consilio
1146 643 1468 736 quidem,
1510 658 1587 715 ut
1613 644 1915 713 colorum
1948 649 2269 741 proprie-

151 778 297 833 tates
329 763 567 833 oculus
599 763 982 857 intelligatr,
1026 788 1069 830 a
1105 762 1308 855 nigro
1340 760 1571 831 album
1596 812 1615 845 ‚
1654 764 1859 831 etiam
1890 765 2078 833 nullo
2112 791 2269 835 mo-

145 898 368 967 nente,
409 879 785 975 distinguet
817 905 834 947 :
869 879 1098 947 multis
1125 895 1363 947 contra
1386 882 1745 973 praeceptis
1772 898 1927 973 eget
1950 884 2217 953 animus
2238 936 2259 969 ‚

149 1014 216 1067 ut
241 999 496 1081 videat,
553 996 725 1091 quid
763 995 1104 1090 agendum
1148 996 1238 1064 sit
1279 996 1355 1065 in
1394 998 1559 1065 vita.
1604 998 2016 1091 Quanquam
2053 1001 2267 1071 oculis

151 1138 404 1207 quoque
447 1138 668 1209 aegros
687 1107 712 1149 ³
763 1111 1068 1181 medicus
1120 1136 1260 1179 non
1315 1127 1579 1181 tantum
1632 1131 1861 1203 curat3
1905 1114 2028 1185 sed
2062 1119 2268 1189 etiam

147 1246 374 1299 monet.
406 1234 562 1299 Non
583 1245 722 1314 est,
751 1219 1047 1321 inquit⁴‚
1076 1227 1593 1322 quod'protinus
1616 1231 2025 1303 imbecillam
2051 1237 2269 1307 aciem

151 1349 504 1415 committas
541 1338 888 1440 improbo⁵
937 1344 1220 1429 lumini3
1253 1369 1294 1412 a
1320 1344 1622 1413 tenebris
1655 1348 1949 1439 primum
1990 1350 2080 1418 ad
2114 1378 2269 1421 um-

149 1459 328 1532 brosa
363 1463 664 1558 procede
687 1512 708 1546 ‚
760 1460 1012 1531 deinde
1060 1461 1216 1554 plus
1263 1459 1441 1529 aude
1468 1510 1487 1543 ‚
1548 1476 1617 1528 et
1661 1462 1981 1556 paulatim
2018 1467 2271 1539 claram

114 1578 348 1660 ¹lucem
380 1581 525 1675 pati
561 1604 872 1649 assuesce
903 1606 919 1648 ε
951 1603 1092 1647 non
1131 1594 1236 1647 est
1267 1577 1451 1671 quod
1484 1594 1637 1671 post
1680 1580 1908 1650 cibum
1945 1583 2265 1673 studeas3

147 1717 273 1762 non
301 1711 403 1763 est
437 1692 626 1787 quod
665 1693 886 1787 plenis
920 1692 1136 1761 oculis
1171 1716 1252 1759 ac
1295 1693 1710 1761 tumentibus
1754 1695 2050 1787 imperes
2068 1688 2125 1787 ⁵3
2164 1701 2271 1769 af-

147 1810 364 1879 flatum
393 1826 467 1880 et
494 1812 634 1880 vim
669 1809 948 1903 frigoris
984 1808 1058 1875 in
1097 1830 1170 1875 os
1206 1810 1626 1877 occurrentis
1652 1810 1859 1878 evita.
1899 1812 2051 1881 Alia
2082 1815 2271 1908 ejus-

148 1924 316 1995 modi
334 1932 388 2015 ⁷,
434 1950 590 2020 quae
633 1949 772 1994 non
816 1927 1042 1994 minus
1079 1948 1282 2017 quam
1331 1922 1821 1996 medicamenta
1868 1929 2265 2020 proficiunt,

147 2168 264 2223 Cels.
279 2172 356 2224 VI
371 2211 388 2239 ‚
403 2171 440 2223 6
459 2208 476 2235 ,
500 2171 564 2223 35
583 2191 629 2245 p.
647 2168 707 2239 37
719 2190 738 2223 ι
759 2169 864 2243 bip.
885 2170 1148 2235 :suffusim

145 2248 229 2312 ait,
246 2269 398 2316 qnam
417 2249 592 2310 Graeci
605 2247 848 2318 ὗπὸχνσιν
865 2249 1152 2313 nominant,

143 2326 384 2379 interdum
410 2325 554 2380 oculi
583 2325 852 2398 potentias,
887 2345 1000 2398 quae
1033 2346 1154 2379 cer-

142 2407 212 2458 nit
228 2444 242 2470 ,
263 2426 315 2459 se
337 2406 574 2480 opponit.
589 2405 771 2459 Ruhk.

207 2503 246 2536 ι.
287 2485 520 2538 Malitia
563 2483 816 2536 liberatus
854 2493 906 2536 et
948 2485 1154 2537 liberae.

143 2559 228 2614 Int.
241 2561 456 2626 Contra,
477 2561 567 2633 qui
587 2561 779 2614 malitia
803 2561 1040 2615 liberatus
1064 2576 1154 2630 est,

142 2639 221 2708 qui
243 2660 268 2692 e
285 2639 532 2693 vitiorum
553 2637 748 2710 laqueis
769 2641 963 2712 elapsus
985 2654 1058 2693 est
1073 2681 1087 2708 ,
1113 2641 1156 2695 is

143 2715 257 2770 alios
279 2718 466 2772 docere
489 2729 648 2792 potest
664 2719 922 2790 quomodo
941 2719 1063 2772 vitia
1083 2720 1158 2772 ef-

141 2798 344 2868 fugiant.

199 2893 244 2925 2.
265 2875 388 2928 Non
405 2894 542 2943 opus
562 2885 641 2926 est
659 2875 1032 2928 exhor-tatiane.
1053 2875 1156 2928 Hic

141 2950 310 3024 incipit
347 2952 496 3005 aliud
534 2964 883 3023 argumentum
923 2973 1026 3024 quo
1059 2955 1159 3006 de-

141 3043 442 3084 monstratur
449 3050 608 3101 quam
619 3031 744 3083 falsa
755 3031 822 3082 sit
834 3030 1158 3104 comparatio.

201 3109 246 3162 3.
275 3109 461 3163 Oculis
483 3128 685 3178 quoque
707 3127 886 3177 agros.
909 3109 998 3162 Sic
1027 3122 1160 3162 recte

137 3207 225 3240 ms.
239 3207 293 3241 a.
307 3207 422 3240 non
435 3190 630 3251 oeulos,
645 3198 702 3238 nt
709 3187 891 3260 vulgo:
911 3205 1006 3238 nee
1022 3187 1160 3240 enim

137 3269 304 3319 oculos
337 3274 523 3318 monet
546 3263 774 3318 medicus
806 3303 822 3330 ,
856 3263 946 3316 sed
979 3284 1158 3336 oegms.

197 3425 244 3488 4.
268 3423 396 3477 Non
419 3429 508 3474 est
525 3458 541 3486 ‚
567 3424 742 3490 inquit
760 3419 1000 3474 medicus.
1027 3422 1100 3474 R.

195 3500 518 3569 5.Jmpmbo‚
540 3500 574 3551 i.
597 3499 750 3552 nimis
771 3498 905 3552 forti.
927 3498 1004 3551 Cf.
1023 3500 1161 3570 Hey-

135 3576 246 3631 nius
263 3579 331 3632 ad
357 3577 551 3650 Virgil.
579 3577 676 3630 Ge.
698 3578 752 3640 1,
785 3597 892 3650 ¹¹9·
915 3577 1093 3630 Ruhlc.

195 3658 242 3711 6.
287 3659 485 3712 Oculis
524 3660 696 3725 plenis
735 3675 798 3708 ac
844 3657 1161 3709 tumentibus

133 3741 364 3806 :mperes-
390 3736 574 3807 Nuper
597 3734 673 3786 vir
692 3735 868 3787 doctus
885 3735 904 3802 (
921 3735 978 3786 in
999 3734 1160 3788 Novis

135 3813 334 3868 iit-terar-
371 3813 558 3878 univ.)
589 3811 782 3881 abjecto
807 3811 962 3866 verbo
993 3817 1157 3880 evita,

131 3889 149 3960 j
155 3892 394 3965 ungenda
407 3891 510 3944 ista
529 3891 748 3956 censuit,
764 3893 981 3958 imperes
994 3891 1162 3960 afsla-

133 3979 304 4022 tum...
334 3973 675 4023 occurrentis.
695 3968 858 4022 Scbw.
877 3995 944 4008 -—
962 3969 1160 4040 Lipsius

131 4047 382 4123 explicans
400 4050 580 4114 plenis
606 4067 669 4102 ac
691 4047 1029 4114 tumentibus,
1055 4048 1125 4101 sic
1143 4085 1156 4110 ‚

433 4146 559 4212 IV.

1247 2168 1444 2240 inquit,
1469 2170 1679 2225 sueton.
1702 2168 1875 2227 Tiber.
1901 2194 1945 2225 e.
1974 2192 2000 2240 7
2026 2178 2272 2229 contentis

1246 2267 1311 2301 ac
1331 2249 1647 2301 tumentibus
1663 2254 1823 2304 oculis
1834 2255 2083 2320 prosequi
2096 2273 2114 2306 .·
2133 2253 2275 2324 quod

1250 2321 1308 2376 fit
1329 2362 1345 2390 ‚
1367 2325 1454 2376 ubi
1478 2325 1680 2397 figimus
1715 2327 1892 2398 oculos
1910 2367 1925 2394 ,
1954 2341 2103 2397 atque
2139 2330 2275 2402 ipsos

1200 2415 1206 2422 ·
1249 2400 1391 2453 velut
1407 2400 1714 2456 intendimus
1734 2417 1783 2455 et
1794 2405 1971 2475 spiritu
1988 2405 2275 2478 implemus.

1252 2478 1341 2544 Fit·
1372 2478 1427 2529 in
1456 2499 1627 2532 amore
1647 2518 1661 2545 ,
1682 2482 1739 2532 fit
1760 2483 1817 2533 in
1840 2482 2039 2536 diutino
2070 2483 2277 2540 intuitu.

1254 2555 1330 2608 Ex
1353 2575 1455 2628 qua
1471 2569 1589 2610 nota
1608 2579 1785 2632 parum
1804 2561 1979 2614 auxilii
2002 2565 2275 2636 petendum

1256 2647 1344 2686 est.
1390 2633 1649 2709 Ruhkopf.
1694 2637 1863 2691 locum
1906 2661 1997 2712 pro
2046 2657 2274 2716 suspecto

1253 2712 1423 2768 habet.
1464 2715 1721 2770 Ambules
1741 2753 1756 2781 ‚
1793 2716 1995 2788 inquit,
2046 2733 2136 2774 aut
2176 2721 2277 2776 tale

1253 2791 1378 2862 quid
1413 2793 1769 2866 exspectabam.
1796 2797 1917 2850 Fuit
1935 2835 1951 2862 ,
1990 2817 2149 2868 quum
2184 2819 2279 2852 ar-

1252 2870 1465 2924 bitrarer
1482 2871 1719 2945 scriptum
1736 2893 1841 2927 esse
1862 2895 1991 2930 :non
2008 2889 2113 2941 est,
2134 2881 2281 2946 quod

1249 2969 1308 3020 p.
1327 2969 1382 3002 a.
1414 2959 1451 3002 t.
1484 2971 1533 3002 ο.
1570 2955 1779 3023 inger-ps
1815 2953 2066 3025 afflatum
2092 2966 2143 3007 et
2162 2959 2278 3009 vim

1237 3031 1468 3102 frigoris
1520 3032 1578 3082 in
1616 3051 1678 3084 os
1732 3034 2033 3085 iacun-entes
2076 3051 2095 3084 .·
2138 3037 2278 3086 evita

1254 3111 1369 3160 alia
1386 3143 1401 3172 ,
1424 3121 1515 3160 etc.
1544 3112 1697 3161 Amat
1716 3120 1887 3161 autem
1914 3109 1985 3164 sie
2010 3109 2093 3162 uti·
2106 3122 2277 3163 noster

1257 3187 1322 3256 τῷ
1351 3187 1605 3252 ingerere,
1636 3203 1680 3234 e.
1714 3205 1757 3237 c.
1794 3185 1913 3252 §68
1936 3201 1951 3238 ε
1975 3183 2149 3238 omnia
2181 3184 2276 3236 ista

1261 3260 1517 3334 exempla,
1552 3281 1667 3332 quae
1700 3263 1861 3316 oeulis
1893 3274 2043 3334 atque
2070 3262 2276 3316 auribus

1255 3339 1575 3414 ingeruntur.
1594 3369 1661 3384 —
1676 3343 1871 3396 Locum
1895 3343 2082 3415 optime
2110 3344 2278 3396 inter—

1255 3431 1381 3492 pret.
1404 3419 1677 3490 Logrange
1698 3439 1715 3472 .·
1731 3420 1991 3488 Nesorcez
2012 3427 2162 3490 point
2182 3439 2277 3474 vos

1249 3515 1403 3567 yeux
1432 3501 1617 3566 quand
1634 3501 1703 3551 ils
1733 3511 1850 3552 sont
1865 3502 2037 3568 pic-ins
2070 3511 2120 3551 et
2134 3519 2278 3568 gon-

1242 3579 1361 3643 fle's.
1404 3577 1700 3650 Schweigh.
1736 3579 2089 3652 interpretatur
2131 3580 2278 3651 quasi

1257 3668 1371 3726 post
1404 3658 1619 3724 imperes
1637 3694 1651 3718 ‚
1696 3655 2085 3727 intelligendum
2111 3671 2237 3711 esset
2262 3678 2278 3711 ε

1259 3747 1318 3788 ut
1353 3746 1463 3806 post.
1484 3735 1654 3786 cibum
1687 3734 1829 3788 libris
1869 3748 1919 3788 et
1951 3736 2133 3790 studiis
2177 3737 2279 3788 sint

1257 3811 1441 3864 intenti
1459 3813 1478 3874 (
1492 3811 1672 3878 oculi).

1327 3911 1373 3959 7.
1394 3893 1527 3945 Alia
1550 3894 1873 3957 ejusmodi...
1897 3897 2081 3962 adiicit
2104 3915 2281 3947 reme-

1259 3973 1365 4022 diis
1398 3971 1661 4022 medicina
1691 3975 1927 4023 consilia.
1962 3973 2281 4026 Postremum

1260 4047 1437 4102 vocab·
1464 4067 1521 4099 cx
1548 4047 1832 4119 conjectura
1858 4050 2065 4100 correxi.
2106 4049 2279 4122 Vulgo

1974 4145 2019 4211 6

2318 1032 2381 1065 20
