2667 4475
262 424 271 430 .
383 362 518 451 324
973 360 1057 427 L.
1106 356 1466 428 ANNAEI
1515 357 1949 428 SENECAE

374 495 661 563 Flaccus
684 497 736 574 ¹,
784 511 1130 582 nunquam
1168 489 1478 558 eumdem
1507 539 1530 574 ,
1597 512 1684 557 ne
1725 489 2013 559 similem
2039 485 2314 582 quidem
2341 492 2482 560 sibi
2509 520 2531 579 3

382 606 553 676 adeo
588 609 662 675 in
695 606 1035 673 diversum
1062 605 1362 674 aberrat.
1395 580 1648 676 Multos
1683 600 1868 683 dixi3
1908 628 2122 697 prope
2155 619 2258 671 est
2283 620 2361 672 ut
2393 630 2539 673 om-

374 748 497 793 nes
530 725 693 792 sint.
729 724 943 790 Nemo
982 746 1118 790 non
1154 718 1463 813 quotidie
1499 734 1570 787 et
1603 719 1964 789 eonsilium
1999 735 2244 803 mutat,
2293 736 2366 787 et
2402 746 2534 789 vo-
2649 722 2651 725 ⁴

371 854 521 907 mm
564 866 583 904 z
626 838 825 907 modo
864 831 1142 905 uxorem
1177 835 1323 905 vult
1356 834 1616 903 habere
1648 884 1666 916 ,
1713 833 1911 902 modo
1945 837 2228 904 amicam
2272 862 2289 900 ε
2327 836 2536 905 modo

372 976 661 1047 regnare
686 953 831 1023 vult
854 983 872 1041 3
900 953 1098 1023 modo
1122 952 1195 1020 id
1215 953 1359 1046 agit
1379 1000 1400 1035 ,
1428 976 1517 1019 ne
1545 952 1700 1042 quis
1719 952 1807 1018 sit
1827 950 2197 1020 officiosior
2215 970 2468 1021 servus
2507 982 2524 1019 ε

370 1066 569 1137 modo
606 1067 847 1136 dilatat
886 1091 957 1136 se
980 1090 1205 1159 ‚usque
1236 1066 1325 1134 ad
1361 1063 1685 1145 invidiam
1729 1094 1751 1152 ς
1801 1065 2002 1134 modo
2055 1066 2352 1135 subsidit
2389 1118 2412 1149 ‚
2471 1087 2540 1137 et

372 1184 801 1253 contrahitur
830 1183 1012 1250 infra
1040 1182 1496 1250 humilitatem
1528 1206 1690 1249 vere
1719 1182 2092 1273 jacentium
2135 1209 2152 1249 ε
2188 1208 2384 1254 nune
2413 1210 2538 1278 pe-

254 1316 319 1369 23
369 1302 635 1369 cuniam
673 1300 935 1393 spargit
959 1348 978 1381 ,
1022 1321 1208 1366 nunc
1244 1299 1447 1391 rapit.
1487 1298 1600 1366 Sic
1633 1300 1916 1367 maxime
1944 1302 2346 1394 coarguitur
2374 1304 2538 1369 ani-

368 1442 517 1485 mus
556 1415 950 1508 imprudens
982 1436 1001 1501 ;
1037 1414 1213 1482 alius
1244 1412 1475 1505 prodit
1509 1410 1717 1506 atque
1754 1413 1929 1484 alius
1952 1465 1972 1497 ‚
2023 1432 2092 1484 et
2119 1466 2142 1501 ,
2184 1442 2322 1510 quo
2383 1435 2538 1487 tur-

362 1532 524 1623 pius
562 1530 737 1598 nihil
781 1527 1062 1621 judico,
1109 1528 1330 1619 impar
1369 1526 1501 1596 sibi
1553 1542 1680 1595 est.
1729 1529 2050 1621 Magnam
2107 1554 2250 1598 rem
2296 1550 2482 1624 puta
2513 1582 2534 1615 ,

362 1668 574 1713 unum
629 1643 980 1712 hominem
1028 1666 1232 1735 agere
1256 1636 1309 1709 ''-
1355 1644 1611 1710 Praeter
1649 1644 2022 1738 sapientem
2055 1658 2279 1712 autem
2317 1670 2540 1715 nemo

361 1786 576 1830 unum
612 1762 799 1853 agit3
856 1761 1083 1829 caeteri
1134 1758 1581 1827 multiformes
1619 1783 1873 1829 sumus.
1917 1760 2123 1847 Modo
2165 1761 2352 1854 frugi
2405 1766 2538 1852 tibi

361 1877 755 1945 videbimur
778 1892 845 1944 et
867 1898 1105 1969 graves
1124 1925 1142 1958 ‚
1172 1875 1371 1944 modo
1389 1874 1663 1970 prodigi
1687 1891 1756 1943 et
1778 1878 1962 1945 vani.
1989 1879 2332 1947 Mutamus
2361 1882 2540 1950 sub-

370 1992 532 2059 inde
564 2013 921 2084 personam
948 2040 967 2072 ‚
1013 2007 1084 2059 et
1126 1994 1536 2060 contrariam
1569 1994 1633 2060 ei
1672 1994 1997 2061 sumimus
2021 2043 2042 2077 ,
2079 2017 2282 2086 quam
2335 1999 2539 2065 exui-

352 2128 536 2175 ·mus.
558 2110 821 2175 -—Hoc
852 2129 1016 2202 ergo
1043 2130 1084 2173 a
1114 2123 1181 2174 te
1208 2109 1402 2198 exige
1434 2156 1454 2188 ,
1485 2122 1603 2192 ut,
1642 2107 1906 2199 qualem
1941 2110 2320 2177 institueris
2351 2134 2536 2204 prae-

358 2240 537 2291 stare
563 2239 670 2306 te,
710 2222 923 2292 talem
959 2246 1180 2314 usque
1212 2220 1301 2290 ad
1341 2224 1598 2291 exitum
1626 2248 1880 2292 serves.
1927 2226 2142 2295 Effice
2183 2243 2262 2294 ut
2296 2234 2536 2322 possis

362 2339 667 2424 laudari3
705 2340 762 2406 si
820 2341 1100 2422 minus,
1156 2353 1263 2405 ut
1260 2341 1578 2450 agnosci.
1622 2341 1726 2408 De
1773 2340 2002 2431 aliquo
2036 2392 2058 2426 ‚
2103 2361 2316 2433 quem
2371 2343 2534 2414 heri

362 2450 666 2536 vidisti³‚
700 2457 941 2524 merito
971 2387 1107 2521 dici
1136 2468 1409 2546 potest:
1443 2455 1572 2521 Hic
1600 2455 1718 2545 qui
1752 2448 1894 2521 est⁴
1925 2453 2202 2525 i'Tanta
2231 2463 2534 2529 mutatio

366 2589 491 2641 est
534 2571 726 2641 Vale.

352 2789 597 2842 tissimum
624 2799 672 2840 et
693 2769 829 2840 vocis
850 2787 1070 2854 eximie,
1094 2785 1219 2838 Caio
1237 2787 1271 2838 J
1276 2784 1382 2838 ulio
1482 2783 1616 2840 Vide
1653 2783 1948 2842 Manuduet.
1990 2791 2041 2842 11
2065 2829 2080 2856 ,
2130 2793 2207 2844 15.
2245 2790 2441 2848 Ruhk.
2462 2822 2530 2834 —

352 2865 536 2920 Caesari
570 2877 617 2917 et
642 2863 916 2938 Cleopatra
943 2863 1346 2935 acceptissimum
1364 2899 1380 2928 ,
1485 2866 1551 2915 At
1581 2863 1766 2916 Mureti
1795 2877 1914 2919 nota
1941 2866 2023 2918 hic
2053 2879 2365 2941 opportuna.
2391 2873 2528 2927 Nam

354 2950 433 2999 Au
472 2957 583 2998 usto
594 2963 797 3015 quoque
812 2943 994 2998 Caesari
1005 2943 1383 3006 amicissimum
1482 2941 1618 3012 quod
1635 2941 1689 2994 in
1707 2943 1858 2996 sacris
1881 2944 1943 2996 de
1966 2943 2101 2998 Jobo
2121 2944 2364 3000 scribitur
2387 2951 2530 3019 :suit

353 2966 607 3078 etsibivel
624 3023 842 3076 maxime
864 3023 1189 3095 imparem,et
1208 3021 1384 3074 incon
1481 3039 1616 3072 unus
1651 3024 1751 3082 vir,
1777 3020 1831 3072 id
1865 3021 1933 3073 ita
1969 3023 2322 3096 Hieronymus
2361 3027 2526 3082 inter-

350 3116 580 3156 euntem,
602 3103 781 3156 Ruhk,
1481 3109 1730 3171 pretatur:
1761 3119 1867 3151 non
1889 3101 2178 3174 permobilis
2201 3115 2249 3154 et
2267 3104 2526 3159 instabilis

424 3199 464 3231 ι.
484 3178 747 3232 Horatius
764 3183 995 3234 flaccus.
1017 3180 1272 3233 Posterius
1294 3199 1382 3232 no·
1481 3173 1764 3239 ferebatur,
1812 3177 1901 3230 sed
1936 3175 2112 3230 firmus
2151 3191 2300 3248 atque
2341 3182 2526 3236 incon·

350 3276 504 3321 men,
532 3258 669 3328 quod
699 3257 836 3309 abest
870 3257 1085 3328 vulgatis
1114 3256 1229 3310 edd.
1254 3256 1382 3328 adji-
1481 3273 1648 3306 cussus
1685 3255 1982 3328 persistens,
2022 3268 2128 3308 ent
2161 3256 2244 3308 vir
2285 3277 2430 3311 unus
2467 3261 2526 3311 ἰιι

351 3333 494 3386 ciunt
514 3348 705 3387 veteres
724 3333 842 3386 libri
865 3355 1042 3388 omnes
1064 3353 1077 3389 ε
1100 3347 1149 3388 et
1171 3334 1242 3386 R.
1269 3336 1381 3406 qui·
1479 3331 1696 3384 adversis
1724 3345 1772 3385 et
1797 3333 1854 3384 in
1874 3333 2125 3387 secundis.

350 3411 467 3463 dem
484 3411 731 3484 praeponit
747 3450 763 3477 ‚
784 3411 964 3484 reliqui
982 3425 1149 3466 nutem
1174 3427 1379 3488 postpo-
1543 3409 1590 3462 3.
1621 3410 1792 3481 Quem
1806 3411 1920 3462 beri
1935 3413 2136 3464 vidisti.
2157 3411 2284 3466 Mss-
2297 3434 2357 3466 a.
2373 3437 2420 3469 c.
2457 3423 2522 3472 A.

354 3501 505 3541 nunt.
526 3489 687 3542 δώω-
1479 3487 1602 3540 dant
1613 3489 1754 3554 here,
1780 3503 1971 3543 servata
1985 3491 2146 3564 prisea
2167 3493 2316 3544 verbi
2333 3495 2521 3549 forma.

416 3587 462 3618 ι.
492 3567 670 3619 Unum
688 3567 947 3619 bominem
970 3587 1136 3636 agere.
1160 3567 1348 3618 Facere
1362 3607 1376 3629 ‚
1477 3567 1652 3640 Vulgo
1675 3587 1829 3636 quem
1851 3571 2034 3622 vidisti
2053 3569 2177 3622 heri.
2203 3569 2372 3624 Schw-

350 3655 405 3695 ut
424 3663 619 3717 semper
639 3643 705 3696 sis
724 3643 877 3698 idem.
899 3644 1091 3717 Lipsius
1107 3644 1380 3713 edditzqui
1545 3651 1590 3710 4.
1619 3645 1724 3699 Hic
1749 3651 1846 3716 qui
1877 3648 2002 3701 est?
2045 3647 2133 3701 Sic
2165 3648 2344 3720 scripsi
2397 3671 2520 3704 eum

351 3719 465 3773 finis
502 3735 573 3774 est
614 3721 865 3782 Zenonis,
914 3721 1017 3774 vita
1057 3721 1380 3774 conveniens.
1478 3740 1569 3775 ms.
1599 3742 1655 3776 a.
1680 3723 1780 3776 Alii
1803 3723 1958 3794 vulgo
1981 3728 2116 3794 quis.
2142 3723 2306 3778 δάιον.
