2667 4475
405 294 542 359 258
987 292 1065 355 L.
1117 286 1471 356 ANNAEI
1518 284 1953 356 SENECAE

403 417 638 499 malin,
675 434 745 483 et
785 440 1016 483 omnes
1053 440 1311 484 versus.
1351 406 1560 502 Nam,
1604 420 1661 485 si
1694 419 1995 514 prudens
2032 440 2255 487 sermo
2288 420 2531 487 bonum

401 551 541 615 est,
586 533 838 601 bonum
875 547 1100 601 autem
1135 554 1334 601 omne
1362 534 1612 604 animal
1648 550 1790 619 est3
1834 558 2056 603 sermo
2090 558 2260 627 ergo
2292 537 2539 607 animal

405 665 534 719 est.
549 648 872 721 'Prudens
899 672 1134 717 versus
1149 699 1167 732 ‚
1197 649 1451 717 bonum
1480 668 1619 734 cst,
1648 651 1903 720 bonum
1924 666 2151 720 autem
2172 674 2372 719 omne
2390 652 2541 719 ani-

404 765 543 834 mal
577 781 687 834 est
717 788 1004 834 aversus
1034 788 1200 857 ergo
1233 765 1483 833 affimal
1510 782 1633 833 est.
1678 768 1775 833 Ita
1800 778 1815 813 ¹
1844 816 1861 847 ,

961 912 1116 961 Arma
1135 908 1404 979 virumque
1428 928 1585 972 cano,

401 1028 654 1097 'animal
688 1039 826 1113 est3
880 1026 1065 1120 quod
1111 1050 1248 1130 nop
1296 1044 1577 1121 possunt
1613 1030 1979 1098 rotundum
2026 1030 2299 1113 dicere,
2342 1055 2549 1123 quum

293 1152 352 1201 ’ἱ
407 1168 522 1213 sex
545 1143 754 1240 pedes
784 1142 1054 1211 habeat.
1078 1181 1176 1196 —
1195 1145 1584 1233 Textorium
1614 1149 1676 1229 ²,
1717 1147 1947 1237 inquis
1970 1196 1989 1229 ,
2036 1161 2251 1213 totum
2278 1148 2555 1214 meher-

407 1261 596 1329 cules
620 1260 801 1328 istud
835 1276 936 1328 est
957 1310 976 1342 ,
1011 1258 1194 1351 quod
1217 1284 1428 1351 quum
1461 1262 1746 1327 maxime
1773 1262 2025 1353 agitur.
2061 1260 2342 1331 Dissilio
2371 1264 2507 1331 risu
2526 1314 2549 1343 ‚

331 1394 340 1399 '
408 1402 618 1470 quum
649 1378 818 1445 mihi
847 1398 1152 1469 propono
1176 1426 1195 1456 ,
1228 1375 1676 1443 soloecismum
1703 1376 1953 1444 animal
1986 1384 2133 1445 esse
2149 1427 2171 1462 ‚
2204 1394 2275 1445 et
2309 1378 2557 1447 harba-

408 1496 724 1575 rismum,
763 1508 832 1560 et
884 1491 1383 1585 syllogismum,
1424 1508 1491 1559 et
1533 1508 1724 1584 aptas
1766 1492 1905 1560 illis
1944 1493 2180 1577 facies,
2234 1510 2555 1587 tanquam

406 1612 668 1703 pictor,
710 1610 1010 1701 assigno.
1572 1608 1577 1616 '

505 1730 669 1795 Haec
707 1724 1164 1819 disputamus,
1209 1724 1511 1792 attractis
1549 1719 1965 1817 superciliis,
2013 1726 2239 1795 fronte
2278 1751 2554 1827 rugosa.

407 1846 562 1912 Non
594 1865 861 1936 possum
881 1840 1186 1909 hocloco
1215 1840 1448 1907 dicere
1476 1839 1651 1908 illud
1677 1841 2116 1913 Caecilianum
2138 1834 2161 1878 ³
2204 1872 2221 1911 :
2260 1871 2295 1908 (ι
2318 1844 2381 1911 Ο
2402 1846 2563 1912 tris-

411 1974 514 2026 tes
541 1952 864 2048 ineptias!
894 1948 921 1997 ⁴
955 1980 988 2017 »
1026 1992 1104 2005 —
1131 1953 1466 2023 Ridicula:
1492 1970 1675 2024 sunt.
1704 1956 1895 2050 Quin
1924 1960 2151 2052 itaque
2178 1961 2407 2053 potius
2429 1960 2559 2027 ali-

413 2068 586 2165 quid
627 2070 795 2141 utile
843 2068 1040 2138 nobis
1089 2093 1170 2137 ac
1221 2070 1514 2141 salutare
1556 2083 1922 2141 tractamus
1942 2122 1965 2159 ,
2027 2090 2097 2143 et
2140 2078 2517 2169 quaerimus
2538 2126 2556 2145 ,

415 2185 751 2283 quomodo
783 2185 872 2258 ad
906 2187 1194 2256 virtutes
1236 2188 1473 2258 venire
1508 2188 1885 2282 possimus,
1935 2215 2088 2283 quae
2124 2210 2250 2261 nos
2282 2191 2370 2260 ad
2410 2192 2564 2262 illas

299 2329 366 2370 υ
415 2308 527 2376 via
546 2305 861 2374 adducat.
894 2307 1079 2374 Doce
1105 2327 1252 2387 me,
1284 2327 1460 2386 non,
1493 2296 1583 2372 an
1611 2305 1936 2375 fortitudo
1962 2307 2216 2376 animal
2244 2311 2369 2394 sit3
2404 2310 2557 2390 sed,

413 2419 681 2489 nullum
735 2419 987 2486 animal
1044 2417 1207 2484 felix
1243 2439 1388 2484 esse
1440 2418 1589 2484 sine
1640 2417 2039 2494 fortitudine
2062 2471 2085 2504 ,
2142 2421 2277 2489 nisi
2329 2439 2563 2489 contra

419 2538 695 2610 fortuita
728 2533 1073 2604 convaluit
1093 2584 1112 2617 ,
1146 2547 1215 2600 et
1251 2555 1485 2600 omnes
1510 2557 1745 2634 casus,
1786 2551 2147 2628 antequam
2176 2539 2559 2632 exciperet,

419 2651 808 2726 meditando
843 2649 1267 2745 praedomuit.
1303 2647 1498 2740 Quid
1530 2665 1632 2717 est
1664 2650 2039 2720 fortitudo?
2070 2652 2565 2722 munimentum

419 2770 732 2837 humanae
769 2763 1253 2833 imbecillitatis
1284 2763 1847 2857 inexpugnabile3
1882 2767 2071 2860 quod
2108 2770 2225 2862 qui
2260 2770 2567 2838 circum-

424 2880 616 2952 dedit
641 2873 772 2950 sibi
785 2931 805 2967 ,
831 2904 1110 2949 securus
1135 2880 1210 2946 in
1231 2877 1363 2947 hac
1389 2871 1920 2980 vitae‘obsidione
1946 2884 2317 2976 perdurat:
2348 2887 2571 2952 utitur

426 2999 610 3066 enim
659 2995 799 3064 suis
857 2985 1123 3062 viribus
1160 3043 1182 3078 ,
1231 2995 1373 3062 suis
1426 2994 1604 3062 telis.
1662 2997 1809 3065 Hoc
1837 2994 2001 3073 loc‘o
2049 2997 2176 3067 tibi
2219 2999 2569 3070 Posidonii

429 3113 642 3182 nostri
669 3113 933 3181 referre
965 3112 1366 3179 sententiam
1403 3109 1557 3179 volo
1594 3137 1608 3178 ε
1646 3139 1677 3176 «
1697 3115 1848 3180 Non
1880 3130 2021 3196 est,
2056 3113 2237 3206 quod
2265 3139 2569 3207 unquam

429 3361 510 3405 est
528 3347 770 3423 quoefsu’o,
796 3351 905 3403 sive
929 3350 1035 3422 ipsa
1053 3349 1334 3402 adsensum
1358 3365 1467 3408 ner
1549 3345 1655 3400 cilii
1700 3347 1960 3416 cuiusdam
1998 3368 2012 3402 ε
2048 3370 2075 3402 e
2118 3347 2367 3402 comoedia
2423 3343 2573 3403 veteri

427 3429 669 3495 cessaria,
707 3427 814 3482 sive
839 3426 920 3482 his
943 3424 1133 3480 similia
1149 3463 1165 3491 ,
1193 3425 1377 3478 desunt
1398 3444 1453 3476 a.
1548 3425 1709 3481 multa
1727 3425 1979 3490 dramata,
2002 3427 2250 3498 imprimis
2264 3427 2573 3488 Menandri,

427 3527 470 3562 c.
492 3506 568 3559 R.
596 3507 668 3560 A.
690 3504 755 3557 ab
777 3505 987 3557 Erasmo
1012 3505 1092 3570 (cx
1108 3501 1318 3572 conject.
1335 3521 1405 3554 an
1424 3521 1451 3553 e
1549 3503 1696 3555 vertit
1726 3505 1779 3554 in
1811 3502 2027 3556 latinum
2058 3523 2360 3557 sermonem.
2404 3507 2565 3579 Syne-

391 3641 402 3654 ‚
429 3597 598 3638 vetere
622 3579 808 3651 libro?)
837 3581 1049 3653 adjecta.
1072 3579 1232 3634 θεὸν.
1548 3579 1699 3652 phebi
1717 3579 1826 3654 ejus
1843 3579 2170 3634 celeberrima
2181 3581 2445 3636 comoedia
2462 3595 2569 3635 erat.

501 3681 544 3715 ι.
569 3662 681 3714 Ita.
706 3655 839 3714 Cum
865 3677 959 3711 ms.
982 3670 1036 3711 a.
1062 3656 1248 3730 scripsi.
1273 3656 1452 3730 Vulgo
1550 3657 1743 3712 Omnia
1782 3672 1962 3732 praeter
1996 3663 2277 3733 fragmenta
2305 3661 2571 3730 quaeda..

431 3736 642 3809 Itaque.
666 3737 832 3792 Schw.
1550 3735 1932 3790 interciderunt.
1956 3737 2034 3790 Cf.
2058 3741 2118 3791 A.
2136 3737 2294 3791 Gellii
2312 3738 2383 3789 N.
2402 3745 2471 3794 A.
2489 3741 2573 3801 IV,

499 3835 546 3868 2.
585 3815 913 3868 Tea-lorium·
953 3811 1111 3880 Quod
1149 3823 1313 3877 texts,
1363 3831 1456 3864 re-
1555 3836 1633 3868 20.
1654 3814 1737 3876 11.
1768 3815 1847 3868 23.
1870 3815 2051 3869 Cicero
2078 3816 2277 3889 passim.
2298 3813 2494 3872 Rumr.

430 3907 565 3950 tem
583 3935 599 3963 ,
627 3892 856 3968 implices
881 3907 930 3946 et
953 3893 1136 3945 solvas.
1158 3887 1336 3946 Ruhk.
1618 3883 1665 3946 4·
1692 3881 1743 3932 0
1770 3885 1942 3934 ‘ff-“25
1971 3885 2209 3950 ῘΜΡἹῘΜ·
2233 3881 2479 3938 Mun—'²⁸²³
2497 3904 2573 3936 ’θ’

497 3973 546 4028 3.
563 3973 921 4027 Gallianum,
947 3969 1070 4023 Stat.
1093 3967 1326 4024 Caecilius
1343 4006 1357 4034 ,
1374 3987 1457 4020 co·
1554 3973 1763 4036 quantes
1803 3981 1973 4016 versus
2016 3962 2189 4016 laudat
2228 3981 2255 4013 e
2298 3961 2532 4026 Martiali
2562 3977 2573 4010 :

429 4051 590 4106 niens
603 4088 619 4116 ,
651 4048 812 4103 Ennii
828 4048 1018 4101 amiens
1035 4059 1084 4098 et
1097 4043 1305 4098 libertus
1333 4041 1458 4098 Εε-
1555 4065 1583 4091 «
1600 4041 1769 4116 Turpe
1786 4039 2100 4096 es1d3fficiles
2113 4039 2295 4092 habere
2306 4059 2504 4114 nugas,
2518 4041 2573 4091 lit
