2667 4475
214 622 547 728 NOVI
598 620 1256 728 EDITORIS
1303 621 2246 733 PRAEMONITIO.

176 1350 488 1478 Quam,
529 1385 608 1458 in
656 1386 1087 1486 praefatione
1121 1388 1353 1487 primi
1394 1386 1835 1476 voluminis,
1880 1389 1973 1462 ad
2001 1403 2294 1490 partem

167 1531 346 1606 hanc
386 1534 478 1605 L.
525 1532 614 1605 A.
671 1533 972 1605 Senecae
1007 1532 1578 1633 publicandam,
1630 1536 1851 1635 sequi
1885 1538 2301 1610 constitue-

161 1708 404 1755 ramus
435 1680 784 1755 ordinem
805 1736 826 1770 ,
866 1680 1262 1781 paululum
1301 1681 1709 1756 immutare
1742 1682 1821 1767 in
1850 1682 2085 1757 hocce
2116 1710 2299 1758 con-

161 1828 400 1904 dendo
441 1828 829 1903 volumine
860 1853 1164 1903 neeesse
1201 1830 1375 1904 fuit.

253 1977 512 2072 Quum
568 1976 772 2051 enim
815 1975 1176 2078 pleraque
1221 1978 1669 2077 Fragmenta
1692 2032 1715 2067 ,
1774 1991 1943 2052 tum
1988 1993 2242 2054 vetera
2268 2035 2291 2070 ,

161 2136 320 2198 tum
349 2150 618 2198 recens
651 2123 956 2198 inventa
988 2180 1010 2213 ,
1055 2124 1148 2197 ad
1175 2123 1485 2199 moralia
1516 2151 1743 2225 opera
1776 2125 2247 2237 pertinerent
2266 2182 2288 2217 ,

164 2297 242 2344 ea
282 2270 542 2346 statim
584 2285 753 2372 post
794 2271 1178 2372 Epistolas
1222 2273 1548 2346 Morales
1572 2329 1601 2362 ,
1656 2299 1829 2374 quae
1890 2273 2295 2348 moralium

161 2420 616 2521 scriptorum
641 2417 915 2500 seriem
945 2418 1441 2508 concludunt,
1472 2419 1837 2494 collocare
1856 2421 2089 2494 satius
2107 2434 2289 2495 erat.

249 2569 619 2643 Praeterea
637 2593 878 2668 quum
907 2529 1316 2642 Moralibas
1341 2566 1699 2668 Epistola}-
1719 2565 2099 2668 subjicere
2126 2595 2297 2670 pro-

159 2716 624 2792 misissemus
642 2715 1192 2790 commercium
1205 2716 1645 2790 Litterarum
1668 2715 1729 2790 S
1727 2743 1973 2792 enecoe
1984 2735 2055 2792 et
2069 2719 2303 2792 Pauli

157 2865 478 2966 apostoli
500 2875 554 2954 ¹,
600 2862 848 2940 visum
895 2877 1010 2938 est
1051 2863 1142 2937 ab
1195 2863 1314 2938 his
1366 2889 1516 2937 non
1574 2864 2077 2966 disjungenda
2131 2891 2291 2941 esse

157 3011 518 3088 nonnulla
548 3066 571 3101 ,
627 3038 800 3113 quae
840 3013 1142 3085 Senecae
1191 3011 1513 3113 pariter,
1568 3037 1709 3085 nec
1764 3011 2019 3086 minus
2066 3012 2245 3088 falso
2266 3069 2287 3103 ,

96 3155 104 3163 ’
159 3159 642 3252 tribuuntur,
692 3187 760 3234 e.
805 3187 872 3235 c.
920 3158 1154 3235 libros
1183 3161 1274 3234 de
1330 3161 1670 3260 Qaatuor
1718 3161 2169 3250 Virtutibus,
2204 3163 2294 3234 de

157 3312 610 3414 Paupertate
635 3367 662 3401 ,
698 3325 845 3385 etc.

251 3460 468 3535 Unde
499 3461 588 3534 fit
621 3474 707 3535 ut
741 3461 880 3534 ista
906 3462 1192 3552 omnia,
1224 3487 1394 3561 quae
1425 3473 1634 3534 sexto
1667 3460 2041 3536 volumini
2074 3475 2288 3535 antea

157 3607 749 3700 destinabantur,
788 3609 1035 3709 aptius
1072 3633 1276 3682 nune
1315 3621 1583 3708 quarto
1620 3608 2173 3682 contineantur.

249 3757 596 3857 Denique
631 3755 778 3830 hoc
813 3755 1171 3829 volumen
1200 3810 1222 3845 ,
1255 3781 1351 3829 ne
1388 3755 1677 3829 caeteris
1705 3781 2010 3856 prorsus
2047 3754 2290 3854 impar

226 4096 242 4125 ¹
271 4095 388 4147 vide
409 4096 602 4148 Prasat.
625 4099 646 4146 l
673 4097 860 4146 volum.
881 4113 935 4164 p.
962 4112 1044 4144 xv.
