2667 4475
443 263 932 334 PHYsloL.
983 263 1479 334 sTolcon.
1535 266 1725 335 Lm.
1778 266 1879 335 11.
2098 272 2229 363 5⁵7

77 410 284 469 rers-‚u
313 408 518 467 ultimo
545 406 668 469 vult
697 406 912 469 dictum
935 450 955 481 ,
987 405 1132 466 nihil
1171 409 1383 486 perire.
1418 406 1595 469 Addit
1625 405 1881 469 Laertius
1900 452 1919 483 ,
1956 438 1985 464 κ
2018 410 2237 493 Corpus

77 527 242 575 lxta
277 513 496 573 Stoicos
517 529 662 573 esse.
695 538 724 565 a·
751 511 840 571 Ita
859 511 988 594 lego
1013 512 1072 569 in
1101 510 1409 573 Stoboeanis
1435 510 1661 595 Eclogis
1684 537 1703 574 a
1734 540 1763 567 u
1792 514 1961 575 Stoici
1990 538 2197 598 corpus
2214 562 2237 594 ‚

77 620 402 679 Inter-iam
433 618 652 680 dicunt.
685 642 714 671 n
765 618 838 675 At
865 616 1154 697 quomodo
1176 660 1195 690 ,
1229 618 1339 677 nisi
1374 618 1581 679 Forma
1618 621 1919 697 accesserit
1960 622 2085 682 sine
2125 645 2241 704 qua

75 748 170 785 1ec
213 723 596 785 latitudinem
619 766 638 796 ,
671 744 776 783 nec
819 722 1177 783 altitudinem
1201 764 1218 796 ,
1263 744 1373 783 nec
1413 724 1829 806 longitudinem
1859 725 2071 789 habet?
2114 730 2241 789 sine

75 832 302 913 [uibus
321 854 437 891 non
465 842 554 891 est
572 830 812 911 Corpus.
847 829 1188 910 Respondeo
1213 874 1230 903 ‚
1251 829 1453 889 Stoicis
1472 830 1589 891 late
1611 832 1829 913 Corpus
1852 854 1977 893 esse
2000 832 2099 916 (de
2122 858 2239 916 quo

75 937 318 1019 vostea)
337 935 622 1019 quidquid
642 950 746 997 est.
773 936 1000 997 Deinde
1020 978 1037 1009 ,
1061 936 1365 995 Materiam
1390 938 1581 1016 eaipsa
1602 939 1711 997 tria
1729 936 1939 999 habere
1956 984 1975 1015 ,
2000 942 2103 1001 sed
2122 964 2239 1003 non

73 1046 246 1105 inita
279 1088 298 1117 ,
325 1044 438 1103 nisi
461 1042 768 1103 accedente
789 1042 994 1102 Forma
1013 1084 1032 1115 ‚
1055 1062 1180 1121 quoe
1203 1042 1633 1101 circumscribit.
1663 1042 1781 1103 Nec
1811 1044 2085 1105 Platonici
2106 1048 2242 1127 qui-

75 1151 214 1209 lem
251 1148 432 1229 alieni
475 1148 548 1207 ab
576 1146 684 1207 hac
727 1148 1008 1207 sententia
1030 1189 1049 1219 ‚
1083 1145 1232 1205 inter
1259 1138 1403 1227 quos
1441 1146 1773 1207 Plutarchus
1804 1147 2074 1211 describit
2102 1151 2239 1233 (De

75 1256 358 1336 genitura
375 1250 620 1334 Animae)
643 1274 662 1311 ι
697 1279 723 1305 α
752 1230 1054 1311 Materiam
1075 1265 1174 1312 aut
1192 1250 1363 1311 chaos
1387 1294 1405 1323 ‚
1430 1274 1545 1311 non
1575 1254 1967 1333 incorpoream
1992 1298 2009 1329 ‚
2046 1278 2239 1337 neq-uo

76 1361 442 1421 mmobilem
468 1402 485 1432 ,
535 1378 724 1439 neque
766 1359 1074 1417 inanimam
1100 1401 1118 1430 ,
1164 1356 1267 1417 sed
1313 1356 1557 1418 informe
1605 1371 1663 1417 et
1708 1360 2059 1421 inconditum
2090 1364 2237 1425 illud

73 1486 432 1547 :orporeum
477 1465 764 1525 habuisse.
807 1491 834 1517 »ι
872 1465 1202 1543 Iterumque
1232 1461 1471 1544 (ibid.)
1504 1488 1521 1523 ε
1558 1492 1587 1517 α
1628 1465 1781 1527 Illud
1809 1469 2148 1550 omnicapax
2179 1483 2237 1531 et

73 1574 390 1637 Materiale
409 1614 426 1646 ,
461 1571 916 1655 magnitudinem
943 1569 1178 1650 quidem
1209 1569 1455 1629 habebat
1478 1614 1497 1644 ‚
1530 1583 1587 1630 et
1617 1568 1977 1633 intervallum
2004 1617 2022 1648 ‚
2054 1588 2111 1634 et
2136 1575 2235 1635 lo-

73 1704 214 1741 :um
249 1703 268 1751 ;
301 1678 787 1761 pulchritudinem
817 1698 954 1738 vero
978 1720 995 1749 ,
1031 1688 1090 1736 et
1115 1676 1357 1736 formam
1383 1717 1400 1749 ,
1434 1689 1491 1737 et
1514 1678 1823 1759 figurarum
1852 1681 2238 1777 mod‘ificatio-

73 1810 218 1849 nem
253 1787 602 1869 requirebat.
647 1812 674 1837 ιι
707 1786 994 1844 Universe
1023 1784 1198 1865 igitur
1229 1804 1439 1864 corpus
1466 1797 1585 1845 erat
1614 1808 1631 1855 3
1662 1785 1779 1845 tale
1812 1799 1871 1847 et
1894 1787 2008 1847 tale
2028 1832 2047 1863 ,
2080 1790 2239 1853 desi-

73 1896 290 1977 gnatui
310 1906 508 1975 aptum
531 1937 548 1968 ‚
575 1915 692 1952 non
715 1904 856 1952 erat.
885 1891 1162 1972 Apuleius
1186 1889 1411 1949 Platoni
1432 1889 1591 1952 haud
1616 1892 1787 1953 aliam
1809 1907 2061 1955 mentem
2082 1939 2100 1971 ‚
2126 1900 2235 1961 etsi

73 2002 208 2059 aliis
239 2000 434 2061 verbis
453 2042 470 2073 ,
495 1999 769 2061 attribuit.
801 2024 830 2051 «ι
847 1997 1048 2077 Neque
1065 2018 1395 2078 corpoream
1415 2041 1434 2070 ‚
1459 1996 1767 2079 inquit(de
1780 2000 1987 2083 Dogm.
2018 2002 2193 2086 Plat.)
2208 2048 2228 2079 ,

71 2106 394 2167 Materiam
409 2148 430 2178 ‚
453 2126 642 2185 neque
671 2126 808 2165 sane
834 2104 1230 2183 incorpoream
1261 2123 1387 2161 esse
1412 2104 1697 2163 concedit.
1733 2106 1873 2167 Ideo
1902 2121 2093 2169 autem
2116 2133 2233 2169 non

71 2222 251 2292 putat
281 2230 488 2292 corpus
512 2255 528 2284 ,
561 2209 718 2291 quod
754 2230 926 2270 omne
953 2228 1159 2290 corpus
1189 2210 1381 2290 specie
1412 2210 1817 2292 qualicumque
1857 2237 1973 2294 non
2016 2228 2225 2278 careat.

71 2319 218 2378 Sine
253 2339 492 2398 corpore
531 2338 666 2377 vero
709 2337 832 2375 esse
873 2337 990 2374 non
1019 2317 1219 2394 'potest
1259 2315 1449 2376 dicere
1476 2359 1497 2389 ‚
1528 2317 1665 2397 quia
1692 2317 1837 2378 nihil
1876 2321 2233 2401 incorporale

74 2448 298 2508 corpus
325 2423 593 2484 adhibeat
619 2446 634 2482 ε
661 2421 764 2481 sed
783 2423 840 2481 vi
866 2433 921 2480 et
941 2422 1160 2480 ratione
1183 2421 1290 2480 sibi
1320 2441 1447 2480 eam
1478 2422 1662 2482 videri
1680 2447 2033 2505 corpoream.
2058 2454 2087 2480 »r
2112 2428 2233 2488 Ne-

76 2555 198 2613 que
241 2531 574 2593 Aristoteles
613 2541 700 2590 est
743 2530 806 2588 in
845 2525 955 2589 alia
985 2539 1178 2588 mente
1197 2571 1214 2602 ‚
1245 2527 1347 2608 qui
1374 2529 1686 2591 Materiam
1714 2532 2085 2594 substantiam
2116 2558 2234 2597 esse

79 2639 395 2700 affirmavit
422 2636 598 2720 (VIII
627 2635 886 2719 Physic.)
911 2659 926 2694 ε
954 2635 1059 2696 sed
1086 2657 1254 2696 sensu
1277 2657 1449 2716 quem
1480 2638 1818 2700 Posidonius
1850 2641 2071 2702 Stoicus
2092 2665 2231 2724 ape-

81 2747 160 2804 rit
187 2745 345 2828 (vll
373 2741 702 2824 Metaphys.
737 2765 866 2824 cap.
905 2739 976 2825 3)
997 2766 1014 2801 z
1047 2769 1075 2796 «ι
1095 2741 1339 2812 Differre
1368 2743 1745 2806 substantiam
1773 2767 1897 2827 qim
1927 2749 2121 2810 existit
2145 2794 2163 2825 ,
2196 2773 2231 2810 a

84 2853 336 2913 Muta-ia
359 2893 376 2925 ,
399 2853 620 2912 ratione
644 2863 702 2910 et
732 2849 1028 2910 intellectu
1055 2863 1296 2912 tantum.
1329 2876 1363 2904 ι»
1392 2850 1507 2912 Sed
1533 2853 1722 2934 pergit
1754 2852 2011 2915 Laertius
2024 2899 2043 2930 ‚
2072 2883 2101 2913 a
2121 2857 2230 2916 At-

89 2981 204 3040 que
235 2962 374 3019 item
401 2960 582 3018 finita.
614 2985 644 3012 »
676 2956 845 3032 Quod
875 2979 1072 3019 verum
1103 2970 1187 3018 est
1219 2981 1236 3016 ε
1269 2957 1485 3018 mundo
1516 2959 1669 3018 enim
1698 2959 1909 3020 clausa.
1941 2959 2067 3020 Etsi
2090 2963 2237 3022 infi-

86 3067 272 3125 nitam
299 3066 468 3125 etiam
495 3064 774 3124 Platonici
809 3077 1100 3137 asserunt,
1127 3064 1242 3124 alio
1267 3076 1524 3145 aspectu.
1552 3065 1829 3146 Apuleius
1868 3062 1995 3146 (De
2014 3067 2224 3149 Dogm.

95 3170 282 3254 Plat.)
303 3196 320 3230 ε
351 3197 382 3226 «ι
409 3170 700 3231 Infinitum
719 3169 1022 3229 Materiam
1045 3180 1481 3243 commemorat,
1508 3170 1664 3250 quod
1692 3171 1747 3229 ei
1776 3171 1851 3230 sit
1870 3172 2235 3234 interminata

91 3272 424 3358 magnitudo
450 3301 467 3345 ;
515 3293 648 3336 nam
691 3275 850 3357 quod
893 3275 1178 3338 infinitum
1212 3287 1298 3336 est
1314 3320 1333 3351 ‚
1384 3275 1777 3337 indistinctum
1824 3280 2231 3360 magnitudinis

97 3381 270 3444 babet
293 3385 486 3444 finem.
519 3409 548 3436 »ι
579 3383 824 3463 Utrique
851 3393 1028 3444 recte.
1061 3382 1274 3457 Stoici,
1303 3383 1441 3463 qnia
1470 3383 1619 3442 finiri
1649 3395 1874 3464 potest,
1908 3397 1967 3446 et
1992 3387 2187 3466 linitur
2206 3411 2229 3450 ε

99 3487 368 3550 Platonici
394 3531 412 3566 ,
436 3490 574 3570 quia
595 3490 654 3548 in
683 3511 746 3548 se
773 3488 1128 3550 considerata
1153 3487 1444 3571 (exempli
1474 3510 1643 3549 causa
1658 3532 1675 3564 ,
1700 3503 1833 3552 ante
1860 3493 2063 3554 mundi
2082 3515 2233 3554 con-

101 3593 314 3680 ditum)
340 3595 480 3654 fines
509 3606 690 3654 εει-ιω
719 3615 836 3652 non
865 3592 1056 3652 habet.
1091 3593 1361 3676 Sequitur
1377 3637 1394 3668 ,
1432 3621 1461 3650 ιι
1492 3593 1792 3658 Patibilem
1820 3598 1991 3658 etiam
2020 3619 2167 3660 esse.
2197 3625 2227 3652 ιι

99 3701 256 3762 Male
281 3703 433 3762 enim
463 3703 522 3761 in
557 3699 754 3760 Graeco
782 3704 1020 3764 ἀπαθητὴ
1047 3699 1276 3781 legitur,
1305 3698 1369 3759 id
1400 3714 1517 3775 est,
1548 3704 1881 3783 impatibilis
1904 3728 1923 3763 .·
1955 3717 2013 3764 et
2033 3705 2127 3766 vel
2154 3727 2229 3765 ex

107 3807 468 3890 sequentibus
497 3807 662 3868 falso.
697 3805 805 3866 Illa
835 3827 971 3868 vero
999 3807 1275 3878 afficitur3
1305 3819 1579 3884 mutatur,
1616 3811 1839 3892 cog-itur
1866 3831 1901 3872 a
1928 3811 2051 3872 Deo
2070 3853 2087 3887 ‚
2118 3831 2231 3891 qua

107 3913 282 3976 lubet.

425 4027 728 4096 Materiaque
751 4026 924 4080 datum
947 4031 1022 4078 est
1043 4026 1184 4093 cogi,
1207 4025 1294 4080 ced
1315 4043 1489 4095 cogere
1510 4027 1713 4078 Mundo.
