2667 4475
741 332 1263 402 EPISTOLA
1313 332 1643 399 CXVII.
2144 362 2265 430 29¹

125 465 528 536 indifferens
545 478 674 547 est,
702 463 880 531 bene
899 463 1126 532 valere
1145 468 1160 497 ¹
1187 460 1733 531 indifferens-est.
1754 464 1827 531 Si
1845 464 2277 537 forma-indif-

127 585 358 651 ferens
408 595 552 666 est3
599 596 670 647 et
711 578 1074 648 formosum
1117 602 1288 647 esse.
1342 580 1415 647 si
1436 578 1701 670 justitia
1733 578 1985 648 bonum
2022 598 2169 667 est,
2206 599 2275 651 et
2325 594 2357 647 8

117 701 380 792 justum
407 720 552 765 esse
572 696 822 765 bonum
851 710 976 764 est.
1005 696 1078 765 Si
1103 694 1453 787 turpitudo
1477 695 1725 763 malum
1754 712 1855 763 est
1874 748 1891 778 ,
1918 714 1987 764 et
2008 715 2275 792 turpem

127 841 280 884 esse
297 813 548 882 malum
569 829 672 882 est
701 840 714 880 ε
743 829 874 879 tam
895 862 918 893 ‚
944 811 1367 880 mehercules
1386 862 1405 895 ‚
1434 836 1635 902 quam
1653 862 1673 894 ,
1701 814 1755 879 si
1782 813 2118 907 lippitudo
2140 839 2278 887 ma-

129 932 274 999 lum
299 948 439 1012 est,
472 930 722 1023 lippire
737 952 1010 1021 quoque
1025 928 1274 997 malum
1295 944 1424 995 est.
1450 932 1597 997 Hoc
1616 946 1691 997 ut
1710 929 1881 998 scias
1902 980 1923 1013 ‚
1956 950 2273 1001 neutrum

134 1070 290 1115 esse
310 1048 458 1114 sine
479 1046 694 1115 altero
711 1060 956 1138 potest.
991 1045 1136 1136 Qui
1155 1047 1365 1138 sapit,
1399 1046 1669 1137 sapiens
1692 1062 1793 1114 est
1818 1074 1837 1133 ς
1864 1048 1981 1138 qui
2008 1050 2281 1141 sapiens

128 1178 271 1243 est,
315 1162 516 1255 sapit.
554 1160 742 1231 Adeo
768 1180 906 1231 non
935 1176 1156 1255 potest
1183 1160 1525 1244 dubitari,
1558 1186 1647 1229 an
1667 1211 1689 1246 ‚
1720 1163 1924 1254 quale
1952 1162 2125 1231 illud
2151 1166 2273 1252 sit,

131 1274 270 1345 tale
304 1278 437 1347 hoe
473 1279 593 1359 sit,
623 1294 700 1347 ut
731 1276 1140 1369 quibusdam
1173 1293 1543 1368 utrumque
1580 1300 1795 1344 unum
1828 1278 2143 1349 videatur
2164 1259 2283 1349 ⁴at·-

121 1395 272 1485 ·q'ue
305 1394 514 1461 idem.
577 1394 714 1463 Sed
757 1391 933 1463 illud
973 1394 1272 1462 libenter
1315 1393 1698 1484 quaesierim
1735 1420 1750 1460 ε
1793 1418 2003 1485 quum
2055 1398 2279 1465 omnia

130 1524 254 1575 aut
277 1507 458 1575 bona
491 1508 662 1590 sint,
705 1524 823 1577 aut
849 1508 1018 1575 mala
1040 1558 1062 1587 ,
1089 1522 1208 1575 aut
1233 1506 1697 1573 indifferentia
1728 1534 1747 1592 3
1783 1530 2021 1600 sapere
2048 1508 2125 1575 in
2144 1534 2283 1599 quo

131 1608 422 1693 numero
449 1626 535 1692 sit
563 1626 593 1693 Ρ
629 1627 890 1693 Bonum
921 1639 1178 1717 negant
1205 1646 1355 1691 esse
1380 1651 1397 1707 3
1431 1622 1681 1691 malum
1708 1625 1947 1715 utique
1973 1649 2116 1692 non
2140 1642 2281 1693 est:

131 1744 472 1835 sequitur,
521 1755 596 1809 ut
631 1738 932 1811 medium
969 1742 1082 1809 sit.
1115 1739 1196 1808 Id
1228 1751 1455 1807 autem·
1492 1737 1791 1807 medium
1826 1756 2033 1832 atque
2073 1742 2285 1810 indif-

129 1861 368 1929 ferens
395 1880 708 1927 vocamus
725 1908 750 1943 ‚
783 1856 972 1950 quod
1001 1872 1136 1923 tam
1163 1856 1339 1923 malo
1366 1855 1763 1948 contingere
1786 1904 1807 1937 ‚
1840 1880 2047 1948 quam
2072 1858 2277 1943 bon0‚

133 1978 356 2070 possit
385 1981 412 2011 ²
463 2000 478 2039 :
522 1990 840 2067 tanquam
895 1974 1223 2067 pecunia,
1266 1973 1480 2040 for‘ma
1504 2022 1527 2056 ‚
1571 1972 1915 2043 nobilitas.
1960 1978 2107 2045 Hoc
2128 2028 2155 2063 ,
2210 1988 2287 2046 ut

129 2092 358 2184 sapiat
377 2090 824 2182 „contingere
851 2086 1187 2155 nisibeno
1215 2110 1353 2154 non
1390 2101 1612 2179 potest
1640 2113 1653 2153 :
1690 2110 1857 2180 ergo
1884 2088 2287 2161 indifferens
2315 2108 2323 2115 “

131 2232 280 2278 non
317 2218 445 2276 est.
489 2204 700 2297 Atqui
735 2226 826 2272 ne
865 2201 1115 2272 malum
1157 2202 1435 2295 quidem
1466 2219 1570 2272 est
1592 2253 1613 2284 ‚
1662 2204 1847 2295 quod
1883 2208 2285 2300 contingere

135 2326 320 2394 malo
367 2347 508 2392 non
551 2337 818 2416 potest:
857 2345 1022 2412 ergo
1071 2321 1322 2390 bonum
1366 2335 1491 2388 est.
1546 2319 1753 2411 Quod
1774 2369 1793 2402 ‚
1844 2322 1979 2389 nisi
2022 2323 2241 2396 bonus
2261 2377 2280 2408 ,

133 2467 279 2512 non
324 2440 574 2525 habet,
624 2438 880 2506 bonum
923 2453 1073 2521 est3
1116 2458 1357 2530 sapere
1408 2457 1549 2502 non
1582 2436 1718 2503 nisi
1764 2435 1982 2504 bonus
2021 2438 2229 2508 habet
2264 2467 2279 2506 ε

133 2581 312 2651 ergo
345 2555 600 2624 bonum
635 2551 1204 2622 est.—Accidens
1239 2566 1378 2635 est,
1418 2551 1641 2642 inquit
1672 2545 1695 2585 ³
1722 2601 1740 2632 ,
1789 2553 2286 2646 Sapientiae...-

133 2677 292 2742 Hoo
347 2694 512 2765 ergo
561 2671 746 2764 quod
787 2693 990 2739 vocas
1028 2681 1266 2760 sapere
1299 2715 1321 2752 ‚
1364 2682 1595 2735 utrum
1638 2667 1799 2738 facit
1831 2671 2233 2764 sapientiam
2256 2715 2277 2754 ‚

129 2811 227 2856 an
263 2789 578 2882 patitur?
608 2789 764 2858 Sive
793 2787 953 2855 facit
983 2783 1193 2867 illud,
1235 2785 1382 2852 sive
1420 2786 1713 2878 patitur,
1750 2801 2040 2878 utroque
2082 2786 2284 2857 modo

133 2927 400 2997 corpus
421 2919 549 2973 est.
581 2902 788 2986 Nam,
822 2917 892 2972 et
919 2902 1104 2993 quod
1133 2902 1213 2970 fit
1234 2951 1252 2982 ‚
1289 2915 1358 2968 et
1382 2900 1569 2992 quod
1592 2895 1827 2986 faeit⁴,
1860 2927 2105 2998 corpus
2134 2924 2277 2975 est:

135 3026 196 3090 si
229 3043 482 3112 eorpus
519 3034 654 3102 est,
709 3018 964 3086 bonum
1003 3033 1106 3086 est
1135 3042 1152 3084 ε
1201 3041 1414 3085 unum
1468 3019 1647 3086 enim
1686 3017 1921 3089 deerat
1965 3023 2114 3104 illi,
2150 3048 2285 3114 quo

136 3139 374 3205 minus
402 3134 654 3202 honum
683 3149 856 3202 esset
875 3183 893 3216 ,
936 3132 1118 3226 quod
1147 3132 1577 3225 incorporale
1614 3151 1781 3202 erat.

239 3251 715 3345 Peripateticis
749 3251 1013 3344 placet,
1065 3248 1239 3316 nihil
1280 3251 1609 3317 interesse
1644 3252 1825 3319 inter
1874 3253 2287 3346 Sapientiam

133 3384 209 3438 et
237 3389 482 3460 sapere
499 3412 523 3453 ,
563 3390 771 3458 quum
808 3365 882 3433 in
907 3363 1231 3434 utrolibet
1260 3389 1496 3435 eorum
1523 3382 1594 3434 et
1620 3366 1909 3436 alterum
1932 3370 2044 3438 sit.
2076 3375 2139 3441 N
2142 3399 2290 3442 um-

135 3561 323 3619 monis
343 3579 439 3614 usu
455 3599 470 3628 ,
501 3559 589 3613 sed
609 3577 804 3632 semper
831 3558 988 3612 illeso
1004 3576 1169 3611 sensu.
1337 3560 1386 3612 3.
1415 3561 1667 3612 Accfdem
1702 3571 1807 3625 ese,
1838 3565 2009 3630 inquit
2032 3601 2049 3629 ‚
2072 3563 2289 3618 Stoicus.

216 3665 265 3698 ι.
287 3639 436 3696 Bene
454 3643 630 3692 valere
653 3637 958 3710 tndaeffmns
978 3649 1072 3690 est.
1087 3637 1174 3690 Sic
1271 3635 1429 3688 Vides
1452 3677 1467 3701 ,
1510 3637 1867 3710 Peripateticos
1908 3638 2157 3714 imprimis
2201 3643 2289 3695 has

139 3723 218 3776 R.
243 3734 299 3774 et
319 3721 390 3773 A.
413 3718 588 3790 Vulgo
612 3727 664 3770 et
687 3718 884 3778 valere,
915 3727 1006 3768 ete.
1033 3715 1174 3766 Om—
1273 3714 1566 3766 Stoicorum
1584 3715 1945 3788 disputationes
1957 3720 2293 3794 impugnasse·

137 3804 236 3856 nia
255 3802 352 3854 ista
367 3800 549 3852 desunt
567 3817 620 3850 a·
637 3809 686 3850 et
697 3815 738 3850 c.
763 3795 882 3848 Alia
903 3797 1022 3848 item
1037 3814 1173 3847 non·
1271 3789 1435 3844 Nobis
1458 3805 1630 3845 tamen
1654 3793 1789 3845 nihil
1808 3814 1867 3845 ex
1894 3815 2069 3848 eorum
2096 3799 2290 3851 confu—

141 3879 296 3933 nulla
322 3897 380 3931 ex
398 3877 544 3930 libris
567 3875 650 3928 hic
664 3873 998 3938 correximnsg
1019 3885 1076 3925 ut
1096 3873 1176 3925 in·
1270 3869 1545 3922 tentionibus
1572 3871 1803 3924 relietu‘m
1828 3886 1917 3925 est.
1942 3875 2122 3928 Ruhlr.

139 3963 240 4012 fra.
271 3955 388 4029 Qui
405 3957 618 4022 sapit...-
644 3957 738 4022 qui
757 3955 969 4021 sapiens
987 3963 1064 4004 est
1078 3987 1093 4016 ,
1116 3969 1176 4003 ex
1340 3951 1387 4012 4.
1423 3949 1583 4019 Quod
1584 3951 1690 4020 fit,
1709 3961 1760 4002 et
1777 3953 2065 4023 quodfacn‘t
2077 3992 2091 4018 ,
2109 3973 2290 4022 corpus

137 4060 199 4090 a,
225 4055 274 4089 e.
295 4035 366 4085 A.
391 4031 482 4084 nbi
501 4030 658 4103 vulgo
688 4030 917 4100 Quod-s.
939 4030 1096 4098 quod.
1117 4026 1174 4080 S.
1273 4039 1363 4080 est.
1402 4027 1536 4080 Vide
1574 4027 1870 4100 Physiolog.
1908 4030 2063 4084 Stoic.
2099 4031 2187 4084 lib.
2216 4035 2258 4086 ll
2276 4074 2291 4101 ‚

217 4133 270 4166 α.
301 4111 484 4165 Possit
501 4127 592 4162 ms.
615 4126 668 4161 a.
692 4109 866 4180 Vulgo
882 4115 1067 4176 potest.
1093 4105 1150 4157 S.
1275 4104 1485 4156 Dissert.
1517 4105 1607 4157 IV.
1631 4107 1861 4174 Lipsius.

2334 2587 2393 2623 to
