2667 4475
382 343 537 433 390·
1115 334 1805 409 FRAGMENTA

377 468 503 539 sed
542 490 835 563 semper.
878 470 1131 537 Verum
1171 469 1307 538 boc
1357 470 1642 537 interest
1671 520 1694 555 ,
1741 465 1931 561 quod
1966 470 2229 565 majora
2267 493 2390 540 nos
2421 472 2538 540 lu-

382 586 635 656 dimus.
676 612 709 651 ιι

1326 724 1452 803 Cap.
1475 744 1599 783 vm.

490 875 603 948 16.
650 875 904 945 Melius
934 876 1147 968 igitur
1177 876 1439 945 Seneca
1472 876 1776 945 omnium
1806 872 2190 947 Stoicorum
2216 878 2544 947 acutissi-

382 1016 575 1078 mus,
619 984 743 1089 qui
782 991 959 1065 vidit
1004 991 1182 1093 nibil
1214 990 1404 1062 aliud
1437 1016 1586 1063 esse
1627 994 1953 1064 Naturam
1972 1046 1995 1081 ,
2046 1018 2256 1088 quam
2287 996 2537 1065 Deum.

388 1140 425 1175 «
458 1117 683 1209 Ergo,
716 1114 985 1206 inquit,
1018 1088 1241 1183 Deum
1270 1135 1411 1181 non
1438 1109 1911 1194 laudabimus,
1945 1113 2058 1181 cui
2085 1114 2432 1184 naturalis
2447 1130 2549 1183 est

382 1229 650 1299 virtus?
672 1230 818 1299 Nec
844 1230 1028 1297 enim
1054 1227 1242 1297 illam
1272 1225 1519 1296 didicit
1545 1252 1628 1297 ex
1647 1227 1815 1298 ullo.
1835 1230 2047 1297 Immo
2062 1226 2538 1303 laudabimus·
2521 1282 2542 1315 ,

390 1345 699 1437 quamvis
750 1346 935 1429 enim
983 1343 1315 1413 naturalis
1359 1343 1465 1412 illi
1504 1345 1593 1413 sit
1611 1393 1632 1428 ,
1677 1343 1809 1413 sibi
1851 1345 2040 1417 illam
2074 1344 2270 1415 dedit
2289 1394 2316 1429 ‚
2375 1369 2546 1439 quo-

382 1464 568 1533 niam
598 1464 841 1531 Deus
820 1486 969 1557 ipse
1002 1478 1248 1533 natura
1280 1477 1409 1530 est.
1460 1486 1494 1526 ιι

1208 1648 1323 1704 Lib.
1348 1652 1462 1717 ιιι,
1489 1670 1598 1725 ap.
1623 1666 1709 1707 κν.

496 1822 603 1892 ¹7·
652 1794 917 1865 Eodem
964 1794 1209 1866 ductus
1257 1820 1492 1866 errore
1539 1798 1798 1867 Seneca
1825 1797 2034 1890 (quis
2079 1797 2268 1865 enim
2321 1820 2552 1866 veram

383 1912 565 1979 viam
593 1925 886 1994 teneret,
918 1928 1192 1980 errante
1220 1912 1556 1981 Cicerone
1579 1911 1694 2001 i'):
1737 1908 2256 2004 «Philosophia,
2290 1911 2550 2003 inquit,

392 2024 569 2096 nihil
604 2024 794 2095 aliud
830 2041 935 2095 est
952 2077 976 2114 ,
1022 2051 1225 2119 quam
1258 2043 1447 2100 recta
1479 2027 1759 2117 vivendi
1800 2028 2018 2113 rati03
2063 2024 2218 2111 vel,
2261 2026 2556 2097 honeste

386 2143 665 2215 vivendi
696 2145 981 2233 scientia
1013 2174 1033 2231 ς
1067 2147 1219 2229 vel,
1252 2170 1365 2227 ars
1399 2160 1589 2214 recte
1621 2146 1781 2215 vitae
1815 2140 2128 2240 agendae.
2157 2146 2322 2213 Non
2354 2170 2558 2215 erra-

385 2261 663 2350 bimus,
711 2263 769 2332 si
816 2260 1183 2332 dixerimus
1219 2261 1727 2359 philosophiam
1768 2287 1915 2339 esse
1950 2261 2177 2356 legem
2211 2260 2394 2330 bene
2429 2262 2560 2330 ho-

388 2391 719 2469 nesteque
736 2375 1038 2446 vivendi.
1068 2380 1155 2445 Et
1173 2379 1295 2470 qui
1322 2377 1572 2459 dixerit
1591 2376 1779 2450 illam
1798 2375 2160 2494 regulam
2123 2375 2325 2459 vitae,
2357 2401 2558 2444 suum

392 2493 495 2578 illi
532 2519 785 2564 nomen
817 2492 1301 2563 reddiderit.»

1371 2663 1586 2718 lbidem.

501 2810 613 2877 18.
660 2809 832 2878 Item
868 2799 1185 2879 Seneca
1164 2833 1240 2877 ιιι
1286 2807 1895 2878 Exhortationibus
1917 2857 1938 2891 ,
1985 2835 2020 2872 (ι
2051 2807 2430 2899 Plerique,
2463 2809 2565 2875 in-

391 2921 579 3016 quit,
626 2913 1190 3017 philosophorum
1224 2921 1397 2990 tales
1429 2937 1630 3007 sunt,
1669 2936 1747 2990 ut
1782 2921 1922 2991 sint
1953 2920 2245 2990 diserti
2223 2946 2298 2988 ιιι
2327 2923 2568 2991 convi-

392 3043 572 3111 cium
613 3065 852 3129 suum3
904 3065 1075 3135 quos
1111 3039 1168 3110 si
1204 3041 1506 3110 audias
1486 3065 1560 3108 111
1595 3040 1996 3122 avaritiam,
2035 3041 2110 3109 in
2143 3038 2512 3109 libidinem
2544 3091 2564 3124 ,

390 3159 467 3226 in
503 3158 943 3227 ambitionem
977 3173 1422 3252 perorantes,
1457 3156 1904 3251 professionis
1931 3155 2266 3224 indicium
2304 3172 2510 3249 putes
2545 3185 2561 3222 :

392 3273 563 3346 adeo
612 3274 1005 3346 redundant
1036 3274 1128 3345 ad
1164 3277 1348 3369 ipsos
1386 3273 1742 3344 maledicta
1787 3275 1862 3342 in
1899 3273 2258 3368 publicum
2301 3275 2512 3342 missa
2543 3301 2561 3357 ;

394 3418 566 3486 quos
616 3417 757 3463 ιιοιι
790 3392 992 3463 aliter
1026 3393 1281 3462 intueri
1330 3393 1530 3461 decet
1548 3443 1571 3478 ,
1628 3416 1836 3485 quam
1869 3381 2170 3461 medicos
2203 3442 2224 3476 ,
2264 3415 2560 3487 quorum

391 3512 577 3582 tituli
606 3511 909 3581 remedia
934 3512 1194 3581 babent
1220 3562 1240 3594 ,
1280 3508 1568 3606 pyxides
1599 3527 1893 3580 venena.
1932 3535 1968 3573 ιι

1375 3676 1594 3733 Ibidem.

500 3865 613 3935 19.
664 3867 699 3907 α
734 3841 974 3910 Faciet
1001 3841 1317 3935 sapiens,
1349 3840 1580 3934 inquit
1612 3838 1800 3908 idem
1835 3839 2132 3923 Seneca,
2165 3841 2368 3908 etiam
2419 3865 2570 3934 qnae

394 3985 535 4032 non
578 3959 946 4072 probabit,
990 3974 1070 4028 ut
1104 3958 1309 4028 etiam
1352 3957 1443 4026 ad
1486 3956 1744 4051 majora
1793 3959 2151 4027 transitum
2196 3958 2313 4026 im·-
2317 3959 2564 4028 eniat:

394 4103 522 4150 nee
547 4080 892 4174 relinquet
926 4077 1143 4149 bonos
1168 4065 1431 4162 mores,
1473 4073 1595 4146 sed
1627 4077 1918 4170 tempori
1953 4075 2281 4170 aptabit:
2315 4092 2386 4146 et
2411 4078 2568 4170 qui·
