2667 4475
398 296 531 364 350
977 288 1057 356 L.
1112 284 1463 371 ANNAEI
1509 282 1951 353 SENECAE

269 464 279 469 -
396 420 581 515 quod
596 419 779 487 enim
806 418 1366 510 experimentum·
1385 415 1594 483 animi
1621 415 1876 507 sumpsi
1903 412 2128 481 subito
2157 414 2334 482 :hoc
2353 417 2548 483 enim

394 554 498 607 est
528 534 902 629 simplicius
934 548 1005 601 et
1037 534 1293 601 verius.
1332 534 1504 601 Nam
1543 531 1662 599 ubi
1700 554 1776 599 se
1808 532 2216 625 praeparavit
2239 581 2260 615 ,
2305 548 2382 599 et
2439 535 2552 601 in-

391 655 563 723 dixit
579 652 710 720 sibi
729 651 1167 745 patientiam3
1198 672 1335 749 non
1365 670 1558 740 aeque
1579 664 1866 741 apparet
1887 698 1908 730 ,
1929 662 2264 739 quantum
2291 647 2550 717 habeat

388 792 569 838 verae
598 768 941 836 firmitatis
984 790 1001 833 ε
1042 764 1161 833 illa
1196 780 1354 832 sunt
1385 765 1762 833 certissima
1797 779 2198 857 argumenta
2219 814 2242 847 ,
2275 788 2443 857 qnae
2467 790 2550 833 ex

386 902 694 979 tempore
714 890 741 919 ²
782 882 1007 969 dedit;
1048 882 1105 950 si
1144 904 1283 949 non
1318 896 1580 948 tantum
1605 904 1842 974 aequus
1876 880 2192 963 molesta,
2233 880 2358 949 sed
2395 882 2548 977 pla-

386 1003 616 1085 cidae,
660 1001 958 1095 aspexit3
990 1000 1215 1067 sinon
1248 996 1614 1067 excanduit
1633 1048 1658 1083 ‚
1691 1022 1826 1065 non
1855 997 2189 1091 litigavit3
2221 998 2280 1065 si
2299 1048 2320 1078 ‚
2353 998 2548 1090 quod

386 1114 537 1183 dari
572 1114 859 1183 deberet
878 1162 899 1195 ‚
942 1114 1092 1206 ipse
1120 1112 1251 1181 sibi
1275 1160 1293 1193 ,
1339 1136 1480 1179 non
1521 1110 2011 1194 desiderando,
2052 1112 2448 1206 supplevit;
2479 1129 2548 1181 et

388 1231 757 1325 cogitavit,
804 1226 1071 1321 aliquid
1118 1226 1596 1295 consuetudini
1643 1251 1780 1296 suae
1807 1278 1826 1309 ,
1873 1227 2006 1296 sibi
2049 1226 2234 1295 nihil
2269 1226 2538 1297 deesse.

304 1368 337 1421 5
384 1347 636 1428 Multa,
682 1368 887 1438 quam
920 1364 1340 1437 supervacua
1377 1358 1604 1411 essent
1627 1392 1646 1426 ‚
1683 1366 1824 1409 non
1859 1342 2322 1411 intelleximus
2345 1394 2368 1424 ,
2413 1344 2544 1411 nisi

387 1484 595 1553 quum
634 1460 869 1529 deesse
914 1473 1293 1552 coeperunt.
1336 1456 1713 1527 Utebamur
1745 1458 1926 1525 enim
1963 1456 2100 1525 illis
2133 1505 2156 1541 ,
2195 1482 2344 1525 non
2381 1461 2544 1549 quia

388 1575 802 1645 debebamus
836 1624 855 1657 ‚
916 1574 1037 1641 sed
1090 1576 1254 1665 quia
1306 1572 1749 1643 habebamus.
1797 1573 2024 1666 Quam
2059 1572 2276 1640 multa
2307 1590 2544 1642 autem

348 1776 353 1780 .
388 1704 731 1783 pat-amna,
759 1692 921 1782 quia
946 1691 1065 1757 alii
1084 1706 1530 1783 paraverunt,
1563 1693 1722 1783 quia
1743 1688 1929 1784 apud
1951 1689 2318 1784 plerosque
2342 1690 2536 1758 sunt!

387 1806 579 1872 Inter
628 1828 861 1872 causas
910 1804 1241 1872 malorum
1276 1822 1663 1873 nostrorum
1703 1822 1804 1873 est
1827 1856 1846 1890 ,
1896 1802 2082 1898 quod
2123 1806 2428 1875 vivimus
2459 1806 2544 1873 ad

390 1923 697 2012 exempla
731 1949 750 2006 3
810 1944 939 1987 nec
980 1922 1245 1988 ratione
1292 1924 1765 2016 componimur
1795 1974 1813 2004 ‚
1869 1920 1990 1990 sed
2044 1922 2546 1991 consuetudine

308 2048 344 2100 6
390 2031 818 2101 abducimur.
855 2031 1066 2125 Quod
1092 2083 1110 2116 ,
1151 2036 1209 2102 si
1245 2038 1446 2129 pauci
1483 2036 1824 2117 facerent,
1866 2036 2200 2104 nollemus
2237 2036 2496 2104 imitari
2519 2088 2542 2122 ‚
2651 2024 2653 2091 ἕ

392 2173 603 2242 quum
632 2150 866 2245 plures
894 2150 1119 2219 facere
1150 2168 1506 2246 coeperunt
1545 2154 1782 2246 (quasi
1823 2153 2186 2221 ‘honestius
2215 2152 2348 2237 sit,
2381 2154 2546 2246 quia

390 2266 900 2360 frequentius),
960 2269 1347 2361 sequimur3
1396 2287 1466 2338 et
1502 2273 1671 2340 recti
1709 2269 1892 2364 apud
1927 2295 2050 2338 nos
2087 2269 2312 2339 locum
2358 2265 2546 2338 tenet

390 2407 621 2463 error,
668 2385 789 2452 ubi
829 2384 1147 2478 publicus
1193 2387 1408 2454 factus
1443 2403 1570 2454 est.
1611 2390 1865 2456 Omnes
1899 2388 2042 2479 jam
2077 2389 2178 2456 sic
2211 2391 2546 2480 peregri-

387 2517 677 2588 uantur,
728 2515 805 2568 ut
852 2501 1006 2568 illes
1054 2495 1550 2569 Numidarum³
1600 2517 1976 2595 praecurrat
2028 2501 2381 2592 equitatus
2409 2553 2430 2585 ‚
2473 2520 2546 2570 ut

388 2642 635 2712 agmen
669 2589 1017 2686 cursorum
1062 2616 1424 2686 antecedat
1458 2645 1474 2686 ε
1512 2634 1710 2711 turpe
1751 2634 1856 2687 est
1875 2667 1894 2701 ‚
1927 2616 2156 2686 nullos
2189 2641 2340 2686 esse
2361 2667 2386 2700 ,
2429 2623 2546 2710 qui

390 2861 479 2932 qui
522 2859 672 2914 hebet
700 2879 713 2914 ε
743 2879 889 2914 ooena
932 2863 1094 2916 Diale·
1105 2901 1119 2926 ,
1164 2863 1410 2936 probante

393 2939 561 3012 Lipeio
580 2979 591 3001 ,
627 2939 717 3008 qui
753 2941 886 3012 cepit
909 2941 971 2993 de
998 2940 1142 2993 Jovis
1178 2941 1335 3014 epulo
1355 2941 1408 2992 in

392 3017 647 3089 Capitolio
680 3016 728 3086 §-
765 3017 813 3070 6.
839 3043 904 3054 -
926 3020 1155 3073 Coena....
1178 3020 1412 3070 aditiali.

392 3093 473 3146 CR
496 3094 562 3147 ed
587 3097 682 3168 Ep.
706 3110 862 3161 xcxv,
894 3098 975 3161 4¹·
1000 3097 1182 3149 Ruhlc.

461 3192 480 3223 ι
492 3208 504 3221 .
524 3174 767 3241 Aliquod
772 3176 914 3226 em'm
938 3177 1404 3241 experimentum...

388 3253 597 3318 sumpsi
614 3253 803 3304 subito.
819 3251 1091 3323 Pei-peram
1102 3255 1410 3321 Aliquando

388 3330 528 3380 enim
544 3328 729 3400 vulgo:
752 3341 859 3382 tum
876 3332 1111 3384 subitum
1132 3332 1247 3383 edd.
1272 3325 1412 3384 cotn-⁸

390 3406 546 3478 mode
571 3405 804 3475 quidem,
834 3407 921 3460 sed
956 3409 1325 3482 refragantibus
1356 3431 1412 3462 a.

390 3503 432 3536 c.
453 3485 523 3538 R.
552 3487 625 3538 Α.
659 3485 747 3556 qui
782 3486 836 3538 in
867 3487 1039 3539 subito
1068 3489 1410 3542 consentiunt.

390 3561 513 3614 Mox
525 3562 617 3616 hoc
628 3566 769 3616 enim
782 3573 863 3616 est
872 3568 1049 3634 simpl.
1063 3551 1245 3620 dedere
1256 3567 1411 3621 iidem

391 3639 511 3692 libri
542 3660 659 3696 cum
696 3640 846 3694 Grut.
878 3641 1037 3696 Abest
1065 3644 1221 3715 vulgo
1240 3648 1408 3711 enim,

389 3739 487 3774 nec
502 3719 555 3772 id
572 3720 725 3774 male.
738 3719 898 3774 Sel-w.
909 3723 1083 3776 —Int.
1101 3722 1241 3796 potui
1264 3743 1413 3796 expe-

388 3796 480 3852 riri
500 3798 733 3852 animum
747 3818 916 3851 meum
930 3799 1117 3864 subito,
1134 3819 1292 3870 quum
1304 3821 1410 3854 non

388 3897 442 3930 ee
458 3877 831 3951 ‘imperavisset
844 3879 911 3932 ad
924 3879 1125 3952 petiend
1132 3899 1217 3932 um
1232 3899 1249 3944 ς
1272 3882 1410 3951 atqui

390 3955 489 4010 hoc
504 3957 899 4029 experimentum
922 3958 987 4012 ad
1014 3959 1155 4029 quod
1168 3958 1337 4014 subito
1363 3972 1412 4014 et

392 4034 621 4107 imperati
638 4036 927 4090 accedimus
946 4035 1107 4091 multo
1125 4037 1293 4092 verius
1308 4050 1381 4091 est
1393 4075 1409 4102 ,

1509 2883 1660 2934 quam
1687 2862 1819 2917 illud
1837 2863 1900 2916 ed
1927 2883 2054 2934 quos
2081 2863 2318 2916 venimus
2339 2883 2548 2936 pece—

1508 2941 1648 2994 denti
1667 2941 1973 3015 cogitatione
1985 2942 2186 2994 muniti.
2207 2944 2544 3016 lnexepecta-

1509 3031 1558 3070 ta
1589 3020 1728 3072 enim
1758 3039 1852 3072 nos
1872 3019 2047 3090 quales
2073 3039 2190 3072 vere
2213 3020 2384 3075 simus
2413 3045 2542 3095 pro-

1510 3095 1648 3149 bant.

1571 3197 1619 3227 α.
1639 3177 1740 3230 Ex
1763 3189 2016 3246 tempore,
2037 3179 2070 3231 i.
2101 3199 2146 3231 e.
2164 3177 2304 3232 illico
2321 3215 2344 3243 ‚
2369 3179 2536 3234 statim

1509 3275 1566 3308 ac
1589 3267 1785 3328 tempus
1799 3293 1812 3319 ‚
1827 3256 2024 3310 occasio
2040 3294 2055 3322 ,
2075 3255 2372 3330 postulavit.

1573 3333 1622 3384 3.
1647 3335 2022 3389 Numidarum.
2055 3335 2188 3386 Nam
2220 3352 2385 3406 prava
2421 3357 2544 3390 am-

1508 3413 1699 3466 bitione
1719 3451 1736 3479 ,
1759 3413 1980 3480 scilicet,
2009 3415 2074 3468 ob
2097 3418 2281 3468 famem
2305 3431 2538 3470 veterem

1509 3492 1774 3546 Numidici
1803 3494 2081 3564 equitatus,
2113 3495 2234 3546 tales
2259 3492 2320 3546 in
2347 3495 2542 3550 itinere

1509 3571 1682 3625 adesse
1713 3569 1810 3624 sibi
1845 3571 2034 3624 divites
2067 3573 2144 3625 isti
2183 3571 2466 3642 volebant,
2495 3589 2540 3628 ct

1507 3671 1696 3724 agmen
1730 3649 1996 3704 ducebant.
2035 3651 2223 3706 Notavi
2253 3663 2304 3704 et
2331 3651 2542 3706 firmavi

1510 3729 1748 3803 exemplis
1781 3729 1848 3782 ad
1873 3730 1922 3782 11
1947 3729 2108 3782 Tacit.
2137 3729 2269 3782 uisi.
2293 3728 2460 3800 lips.
2477 3757 2542 3770 --

1509 3807 1888 3860 nmmum.
1913 3807 1995 3860 cf.
2013 3807 2078 3860 ..1
2105 3806 2258 3879 Epist.
2277 3822 2544 3878 mnu,
2652 3877 2653 3880 Ν

1508 3887 1559 3938 8.
1577 3885 1824 3938 Eemdem
1839 3897 1928 3938 aut
1941 3884 2160 3938 similem
2171 3883 2444 3942 luxuriam
2457 3891 2546 3944 bo-

1511 3962 1720 4017 diedum
1735 3963 1999 4016 observ-re
2017 3962 2134 4016 licet
2145 3961 2280 4036 apud
2295 3963 2544 4022 honines

1511 4038 1700 4094 divitiis
1722 4039 1986 4096 affluentes
2011 4039 2212 4112 Angiio
2225 4079 2243 4108 ,
2259 4053 2370 4096 ete·
2397 4046 2474 4100 R.
