2667 4475
774 330 1329 403 EPISTOLA
1378 330 1720 401 CXXII.
2191 335 2338 419 343⁴

172 462 605 533 contrarium
622 462 1068 550 circumacta3
1095 486 1332 554 quam,
1356 478 1440 530 ut·
1457 460 1597 530 dixi
1623 512 1642 545 ,
1668 462 1862 531 multi
1889 461 2128 532 eodem
2155 480 2326 533 tem·-

170 604 352 675 pore
384 596 700 676 egerunt.

282 700 500 767 Causa
525 712 751 766 autem
784 710 887 765 est
920 698 1014 765 ita
1044 692 1323 766 vivendi
1358 694 1764 789 quibusdam
1790 746 1808 779 ,
1843 720 1980 765 non
2015 699 2178 790 quia
2203 699 2328 766 ali-
2383 718 2442 783 14

174 812 357 907 quid
410 814 797 882 existiment
842 827 1109 882 noctem
1156 815 1374 907 ipsam
1425 813 1682 881 habere
1719 811 2096 907 jucundius
2124 864 2146 900 ,
2207 814 2329 881 sed

174 930 349 1022 quia
376 929 553 999 nihil
578 931 777 1023 juvat
808 930 1079 999 obvium
1100 958 1123 1019 3*
1157 944 1229 998 et
1274 932 1503 1025 gmvis
1535 930 1724 998 malae
1751 930 2182 1001 conscientiae
2217 929 2330 998 lux

175 1062 331 1135 est3
358 1062 429 1115 et
455 1049 681 1117 omnia
715 1048 1223 1142 concupiscenti
1252 1062 1374 1116 sut
1393 1048 1850 1115 contemnenti
1879 1097 1900 1131 ,
1938 1061 2145 1141 prout
2179 1071 2332 1116 ma-

178 1186 327 1257 gno
354 1178 472 1231 aut
496 1186 709 1257 parvo
734 1182 959 1257 empta
986 1179 1145 1232 sunt
1166 1212 1189 1249 ,
1224 1160 1497 1231 fastidio
1525 1176 1628 1230 est
1661 1162 1894 1230 lumen
1928 1164 2325 1255 gratuitum.

174 1284 523 1349 Praeterea
554 1282 881 1350 luxuriosi
918 1284 1125 1349 vitam
1155 1303 1344 1349 suam
1377 1304 1524 1347 esse
1557 1282 1630 1347 in
1665 1275 2130 1363 sermonibus,'
2173 1278 2336 1349 dum

174 1399 463 1479 vivunt,
496 1396 730 1465 volunt
765 1423 780 1463 ε
814 1420 971 1465 nam
992 1447 1014 1482 ,
1050 1398 1105 1465 si
1134 1412 1400 1465 tacetur
1420 1448 1440 1479 ‚
1476 1395 1768 1489 perdere
1793 1420 1866 1465 se
1895 1412 2136 1489 putant
2172 1419 2340 1490 ope-

176 1536 357 1581 ram.
426 1514 666 1605 Itaque
692 1513 869 1581 male
896 1511 1222 1598 babent-¹,
1260 1514 1528 1605 quoties
1559 1513 1820 1581 faciunt
1851 1512 2036 1605 quod
2069 1511 2340 1579 excidat

180 1630 389 1698 fama.
444 1630 646 1698 Multi
692 1629 875 1699 bona
910 1627 1276 1698 comedunt
1300 1681 1321 1715 ,
1369 1630 1564 1697 multi
1616 1630 1867 1697 amicas
1903 1629 2159 1697 habent
2201 1656 2218 1697 :
2262 1644 2338 1697 ut
2397 1641 2452 1693 15

178 1748 371 1813 inter
412 1747 576 1813 istos
611 1770 862 1813 nomen
910 1745 1219 1813 invenias
1242 1796 1263 1829 ‚
1302 1770 1473 1838 opus
1511 1761 1614 1814 est
1651 1770 1791 1814 non
1829 1760 2086 1813 tantum
2137 1722 2350 1812 ΙιιιιιᾸ

178 1863 434 1931 riosam
469 1886 613 1931 rem
636 1912 655 1945 ‚
710 1861 833 1930 sed
874 1862 1243 1931 notabilem
1271 1913 1290 1945 ‚
1345 1864 1592 1931 faeere.
1645 1864 1728 1930 In
1781 1878 1913 1931 tam
1935 1868 1959 1897 ²
2013 1878 2338 1955 occupata

182 1980 465 2047 civitate
492 2029 513 2063 ,
547 1978 809 2047 fabulas
832 1978 1133 2070 vulgaris
1160 1981 1468 2071 nequitia
1500 2002 1643 2048 non,
1675 1979 1960 2047 invenit.
1993 1978 2338 2048 Pedonem

180 2091 693 2159 Albinovanum
715 2084 739 2125 ³
779 2108 1169 2161 narrantem
1201 2092 1636 2161 audieramus
1665 2095 1862 2181 (erat
1887 2110 2113 2161 autem
2150 2091 2339 2160 fabu-

182 2207 367 2276 lator
398 2208 1026 2303 elegantissimus),
1058 2209 1399 2279 habitasse
1419 2233 1490 2278 se
1518 2233 1722 2302 supra
1751 2208 2022 2278 domum
2043 2212 2160 2302 Sp.
2203 2210 2338 2276 Pa-

182 2317 409 2416 pinii⁴
447 2351 463 2391 ε
505 2327 563 2392 is
598 2342 745 2394 erat
776 2349 859 2392 ex
904 2325 1035 2394 hac
1073 2325 1273 2393 turba
1322 2325 1806 2416 lucilbgarum.
1853 2351 1884 2386 «
1919 2323 2140 2392 Audio
2172 2374 2188 2406 ,
2232 2323 2342 2390 in-

184 2439 347 2529 quit
371 2490 391 2521 ‚
437 2441 621 2507 circa
670 2439 907 2508 boram
946 2421 1208 2506 tertiam
1248 2439 1468 2506 noctis
1500 2487 1522 2523 ,
1567 2436 1987 2528 flagellorum
2032 2432 2054 2472 ⁵
2083 2459 2284 2503 sonos
2319 2465 2338 2521 3

183 2577 463 2646 quaero,
508 2553 675 2647 quid
724 2555 977 2623 faciat?
1026 2553 1279 2623 dicitur
1327 2558 1616 2622 rationes
1653 2559 1949 2644 accipere
1975 2549 2030 2620 ⁶.
2069 2551 2292 2621 Audio
2319 2605 2340 2638 ‚
2401 2560 2484 2614 ιθ.

186 2674 377 2738 eirca
404 2671 641 2739 horam
661 2687 911 2740 sextam
937 2672 1155 2740 noctis
1172 2721 1191 2754 ‚
1219 2671 1579 2738 clamorem
1604 2673 2016 2740 concitatum
2037 2701 2054 2754 3
2079 2694 2340 2762 quaero,

187 2783 365 2876 quid
401 2787 489 2852 sit
520 2787 549 2851 Ρ
588 2783 841 2853 dicitur
874 2811 1109 2852 vocem
1146 2809 1488 2854 exercere.
1533 2785 1784 2882 Quaero
1824 2787 2004 2854 circa
2046 2801 2344 2854 octavam

262 3024 281 3057 ι
298 3046 313 3059 .
332 3003 683 3071 Itaquemale
694 3005 908 3066 habent,
930 3006 1222 3077 quotiessa-
1387 3005 1434 3071 4.
1459 3004 1688 3074 Papinii.
1710 3006 1800 3058 Sic
1819 3007 2010 3077 primus
2035 3003 2192 3056 edidit
2216 3004 2347 3077 Lips.

186 3089 361 3146 ciunt,
382 3085 527 3154 quod
536 3083 936 3155 excidatsama.
955 3083 1032 3134 Ita
1050 3103 1077 3135 e
1098 3084 1224 3136 duo-

189 3163 290 3215 bus
330 3159 481 3233 pelet.
512 3159 735 3215 restituit
772 3160 1003 3213 Gronov.
1041 3161 1224 3232 rejecta

190 3239 437 3292 Pincisni
459 3240 745 3310 conjectura
764 3259 777 3292 z
796 3243 997 3310 quoties
1018 3239 1223 3312 nonsa-

188 3325 360 3382 ca'unt,
380 3323 523 3390 quod
532 3321 963 3392 excitetsamam.
982 3319 1223 3373 Excidere

189 3397 331 3452 ausis
348 3433 363 3459 ,
388 3397 515 3464 vita,
540 3415 729 3462 uxore,
756 3398 790 3450 i.
829 3419 869 3450 e.
902 3417 1097 3466 carere,
1122 3419 1227 3452 non

192 3473 428 3529 obtinere
441 3511 458 3539 ,
470 3475 689 3529 solemni
714 3497 807 3529 usu
828 3477 979 3529 fuisse
998 3517 1013 3544 ,
1038 3489 1229 3530 constat

196 3573 225 3604 e
248 3551 467 3606 Lexieis.
492 3553 674 3618 Rubk.

260 3651 313 3682 2.
328 3631 403 3683 In
420 3643 579 3684 tam...
601 3651 705 3684 non
722 3635 925 3685 incenit.
946 3635 1025 3685 De
1046 3653 1099 3685 re
1118 3633 1229 3686 vul·

194 3711 309 3784 gari
334 3723 386 3763 et
412 3729 471 3764 es
507 3711 641 3783 turpi
676 3731 783 3764 non
820 3710 1109 3764 fabulantur
1140 3711 1233 3762 ho·

194 3790 381 3843 mines.
408 3789 589 3842 Ruhk.

265 3871 312 3922 3.
349 3869 619 3921 Pedonem
656 3869 1061 3921 Albinovanum.
1089 3867 1232 3920 Poe-

198 3961 301 3999 tam
318 3946 581 3999 heroicum
597 3943 849 4000 :consulas
862 3949 927 4000 de
938 3967 999 3998 eo
1008 3949 1232 4000 Werns·

200 4026 333 4080 dorf.
358 4027 498 4078 Poet.
522 4027 630 4079 Lat.
660 4027 785 4078 min.
812 4028 907 4078 To.
935 4027 1006 4078 Ill
1028 4067 1041 4094 ,
1066 4049 1112 4100 p.
1144 4047 1226 4080 121

202 4127 279 4175 sq.
308 4106 401 4170 W,
436 4125 452 4157 ι
475 4145 489 4168 ,
520 4112 564 4177 p.
588 4105 653 4171 34
682 4125 754 4174 sq.
782 4105 959 4156 Ruhk.

1320 3101 1380 3134 ex
1413 3081 1698 3155 conjectura
1729 3083 1964 3136 Pinciani
1997 3119 2011 3144 ,
2060 3083 2206 3156 cujus
2235 3084 2350 3136 cod.

1320 3161 1504 3234 purtim
1523 3160 1773 3230 Spopa'm‘e'
1783 3160 1994 3223 debant,
2015 3162 2192 3233 partim
2209 3161 2354 3229 Spo-

1320 3243 1400 3292 m‘s'
1435 3243 1526 3304 (ul.
1558 3259 1651 3290 ms.
1682 3241 1778 3304 a.)
1808 3240 1988 3312 partim
2016 3239 2146 3307 Spa.
2172 3241 2350 3292 Pam'e‘.

1326 3319 1536 3370 Prorsus
1565 3318 1742 3371 vitiose
1768 3323 1958 3387 spatiis·
1975 3320 2054 3372 ed.
2077 3320 2149 3372 R.
2175 3319 2356 3388 Spurii

1326 3399 1542 3467 Papia-ie·
1561 3417 1654 3450 ms.
1675 3417 1718 3450 c.
1747 3411 1794 3448 et
1816 3399 1895 3449 ed.
1921 3402 1989 3451 A.
2011 3399 2165 3452 Schw-

1394 3480 1442 3530 5.
1467 3478 1526 3529 F
1519 3479 1824 3546 lagenorum
1840 3497 2007 3530 sonos.
2027 3480 2154 3529 Nam
2173 3479 2354 3530 ‹liurns

1329 3567 1444 3608 ente
1469 3555 1708 3608 balneum
1733 3555 1972 3608 videntur
1998 3557 2243 3630 accepisse
2267 3575 2280 3609 t
2309 3569 2358 3608 et

1328 3645 1438 3684 tum
1475 3635 1631 3697 servi,
1673 3635 1762 3704 qui
1804 3634 1998 3704 aliquid
2033 3636 2359 3706 deliquissent

1328 3711 1550 3765 interdiu
1568 3752 1583 3780 ,
1609 3713 1930 3784 vapulabant.
1949 3714 2145 3765 Laudat
2165 3713 2359 3783 Lipsius

1330 3790 1629 3844 Juvenalem
1656 3793 1763 3844 Sat.
1789 3793 1860 3844 vl
1881 3832 1894 3856 ‚
1923 3791 2020 3857 483
2035 3811 2090 3860 sq
2115 3809 2129 3841 ε
2152 3813 2178 3837 οι
2196 3791 2360 3861 Longi

1330 3869 1512 3936 relegit
1541 3881 1821 3923 transversa
1855 3869 2060 3932 diurni,
2093 3869 2155 3919 Et
2179 3867 2354 3932 caedit,

1334 3949 1496 4000 donec
1523 3949 1662 4000 lassis
1689 3949 2024 4008 caedentibus,
2054 3947 2144 3997 Exi
2163 3985 2176 4010 ,
2213 3948 2362 3998 Into-

1334 4038 1419 4077 nat
1445 4027 1774 4078 horrendum.
1801 4047 1827 4072 ι»
1850 4025 2029 4076 ΒιιΙιΙι.

1401 4105 1446 4152 fv.
1473 4103 1726 4155 Rationes
1748 4106 1982 4168 accipere.
2007 4107 2052 4155 A
2077 4101 2232 4156 servis
2248 4119 2260 4154 z
2275 4121 2362 4152 co·-
