2667 4475
264 302 279 311 ⁵
344 225 477 293 3²8

916 226 995 291 L.
1046 220 1406 288 ANNAEI
1455 216 1898 288 SENECAE

341 355 504 424 licet
539 354 787 447 aliquis
810 358 829 389 ¹
862 354 1149 421 nimium
1184 348 1834 441 immoderatumque
1867 349 1940 416 in
1972 345 2105 414 hac
2141 358 2342 437 parte
2389 366 2503 411 me

256 488 271 511 “
332 470 599 563 judicet
624 520 643 551 ‚
702 492 839 540 non
886 467 1200 537 desistam
1244 464 1570 560 persequi
1613 463 1994 556 nequitiam
2017 511 2038 543 ‚
2099 475 2170 529 et
2209 460 2507 529 affectus

324 586 838 655 'efferatissimos
890 583 1209 653 inhibere
1232 633 1250 665 ‚
1297 598 1369 649 et
1402 582 1780 675 voluptates
1820 580 2036 648 ituras
2077 579 2154 645 in
2187 574 2500 645 dolorem

262 714 293 767 5
344 724 774 795 compescere
801 750 819 781 ‚
849 715 919 768 et
940 702 1114 769 votis
1132 701 1600 791 obstrepere².
1625 696 1944 789 Quidni?
1965 718 2178 787 quum
2206 691 2508 760 maxima

342 806 676 889 maloruni
702 818 1157 911 optaverimus
1181 867 1201 900 ,
1232 830 1305 884 et
1330 839 1413 883 ex
1441 812 1892 909 gratulatione
1919 826 2152 880 natum
2179 811 2272 877 sit
2295 795 2510 901 quid-

342 934 516 1031 quid
541 933 972 1027 obloquimur
988 928 1041 1001 ³.
1073 932 1357 1003 Interim
1382 931 1699 1025 permitte
1719 930 1889 999 mihi
1911 978 1935 1015 ,
1963 951 2046 997 ea
2063 976 2084 1011 ,
2108 950 2266 1020 quae
2290 924 2508 1021 paulo

342 1050 665 1126 videntur
696 1052 1055 1120 remotiora
1080 1102 1099 1133 ,
1141 1065 1482 1119 excutere.

441 1166 929 1260 Quaerebamus
946 1216 965 1248 ‚
1016 1193 1049 1231 «
1087 1166 1198 1234 An
1233 1180 1414 1234 esset
1452 1164 1765 1233 omnibus
1781 1160 2213 1251 ‘animalibus
2237 1161 2506 1229 consti-

345 1286 627 1356 tutionis
652 1308 787 1352 suae
815 1307 1051 1352 sensus
1078 1284 1107 1349 P
1130 1308 1161 1345 ιι
1196 1282 1484 1350 Sensum
1509 1294 1737 1349 autem
1763 1302 1910 1348 esse
1937 1330 1956 1363 ,
1989 1301 2068 1347 ex
2094 1302 2176 1347 eo
2207 1278 2508 1347 maxime

344 1416 662 1496 apparet,
693 1399 877 1493 quod
904 1398 1219 1467 membra·
1235 1412 1393 1492 apte
1418 1413 1489 1465 et
1513 1394 1830 1489 expedite
1859 1409 2130 1465 movent
2148 1445 2169 1480 ,
2205 1418 2356 1462 non
2383 1392 2512 1461 ali-

345 1534 454 1587 ter
478 1568 498 1600 ‚
530 1502 733 1611 quain
758 1518 830 1585 in
858 1512 991 1585 hoc
1012 1514 1304 1587 erudita.
1336 1511 1532 1583 Nulli
1562 1536 1697 1582 non
1729 1513 2024 1606 partium
2052 1536 2334 1580 suarum
2363 1511 2513 1604 agi-

346 1633 503 1701 litas
520 1650 629 1702 est
644 1627 699 1700 ⁴.
733 1632 997 1701 Artifex
1019 1633 1470 1700 instrumenta
1491 1652 1613 1697 sua
1641 1644 1884 1697 tractat
1907 1653 1991 1697 ex
2014 1625 2195 1696 facili
2218 1655 2238 1713 3
2269 1643 2512 1695 rector

352 1751 542 1819 navis
574 1752 700 1817 scit
739 1748 1276 1843 gubernaculum
1312 1747 1631 1834 flectet-133
1673 1747 1896 1839 pictor
1921 1740 1946 1782 ⁵
1985 1743 2281 1828 colores,
2329 1768 2513 1835 quos

353 1861 442 1929 ad
496 1860 913 1933 reddendam
970 1859 1482 1932 similitudinem
1534 1858 1778 1931 multos
1820 1860 2182 1951 variosque
2231 1871 2404 1927 ante
2439 1880 2510 1926 se

404 2122 425 2153 ι
433 2139 447 2155 .
459 2099 605 2153 Licet
615 2104 841 2173 aliquis-.-
844 2103 1052 2169 judicet.
1065 2102 1261 2175 Sepius
1271 2102 1374 2174 jam

351 2178 589 2243 vidimus,
609 2200 638 2231 a
659 2180 803 2235 molli
814 2199 907 2232 suo
922 2180 1108 2233 soeculo
1125 2179 1376 2234 Senecam

354 2279 413 2313 eo
434 2259 647 2314 nomine
660 2259 811 2313 fnisse
828 2259 1205 2332 reprehensum.
1218 2257 1289 2310 R.

420 2358 465 2390 2.
502 2340 656 2392 Votis
690 2340 989 2407 obstrepere.
1024 2338 1158 2390 Vota
1192 2347 1380 2389 morta-

352 2417 479 2469 lium
506 2435 793 2490 coarguere.

422 2497 470 2548 3.
504 2497 581 2548 Et
610 2516 685 2550 ex
716 2497 1116 2566 gratulatione...
1144 2496 1380 2564 obloqui-

352 2597 489 2629 mur.
515 2575 591 2628 Ex
616 2596 708 2642 eo,
748 2577 886 2644 quod
920 2588 1156 2628 votorum
1176 2594 1382 2648 compo·

354 2667 425 2708 tes
448 2653 563 2720 facti
580 2693 595 2717 ‚
622 2653 980 2726 gratulationes
1002 2652 1344 2726 exceperimus
1361 2688 1376 2716 ,

354 2731 497 2801 quasi
515 2729 662 2783 rebus
676 2730 825 2783 bonis
841 2749 853 2783 :
870 2743 921 2783 at
936 2731 1081 2786 male
1098 2731 1201 2785 illae
1220 2744 1378 2784 erant.

355 2807 584 2877 Lips.—
603 2807 883 2880 Quidquid
898 2810 1239 2880 obloquimur.
1257 2809 1296 2860 Ῑ.
1318 2809 1382 2862 de

356 2905 463 2954 quo
494 2885 769 2956 querimur.
800 2883 1237 2940 Ruhlc.--Vertit
1262 2887 1384 2939 La·-

350 2981 549 3032 grange
566 2962 740 3015 timide
756 2962 967 3032 quidem
985 2975 1033 3016 et
1052 2961 1116 3014 de
1130 2983 1279 3017 sensu
1294 2964 1384 3018 du·

358 3040 523 3096 bitans
550 3058 563 3093 ε
584 3041 817 3111 Ριιίεᾳηε
845 3060 975 3094 nous
1002 3061 1134 3094 nous
1154 3059 1382 3093 sommes

343 3121 565 3192 se'ticite's
595 3120 841 3191 autrefois
872 3122 963 3173 des
992 3121 1186 3174 memes·
1212 3121 1384 3174 ἐσέπε-

358 3217 504 3250 mens
535 3200 629 3265 qui
667 3201 893 3250 excitent
918 3199 1145 3261 aujourd
1152 3197 1259 3249 ’lau‘
1288 3217 1383 3250 nos

355 3276 584 3341 plasmas
607 3285 656 3326 et
678 3292 774 3326 nos
792 3293 1100 3326 murmures.
1120 3275 1254 3327 Sane
1274 3293 1381 3328 sen·

358 3373 442 3405 sus
463 3353 545 3406 hic
564 3365 636 3406 est
648 3353 770 3416 ;nisi
785 3353 921 3422 quod
937 3373 1010 3404 ex
1026 3355 1393 3420 gratulatione

360 3450 467 3482 non
506 3431 732 3501 designat
750 3469 765 3493 ,
806 3442 862 3482 ut
907 3428 1238 3492 arbitramur,
1270 3451 1384 3482 nos·

360 3507 597 3580 metipsos
632 3506 781 3559 nobis
810 3507 1083 3580 gratulatos
1126 3528 1229 3560 esse
1249 3546 1264 3573 ,
1294 3509 1382 3560 scd

362 3587 718 3660 gratulationes
733 3588 977 3660 excepisse
992 3587 1055 3639 ab
1082 3578 1210 3641 aliis.
1234 3589 1381 3642 Idem

361 3668 603 3740 interpres
622 3679 795 3719 notam
808 3667 962 3740 Lipsii
980 3668 1033 3719 in
1052 3667 1149 3720 hoc
1168 3667 1279 3721 loco
1296 3669 1381 3722 ob—

361 3744 607 3798 scuritatis
622 3744 805 3818 arguit,
821 3764 925 3797 non
943 3745 1197 3798 immerito
1214 3764 1227 3798 ε
1246 3765 1383 3799 nem-

361 3841 424 3892 pe
449 3820 647 3874 videtur
667 3820 863 3894 Lipsius
892 3820 1057 3876 dicere
1073 3859 1088 3888 ,
1114 3841 1173 3875 ea
1192 3819 1255 3874 de
1275 3821 1384 3893 qui-

364 3899 457 3953 bus
488 3901 747 3971 querimur
778 3914 895 3954 nata
934 3921 1038 3955 csse
1074 3921 1132 3955 ex
1167 3921 1228 3954 eo
1243 3903 1381 3972 quod

365 3981 720 4050 gratulationes
740 3981 1097 4056 exceperimus,
1122 3982 1190 4036 ita
1208 3993 1265 4035 ut
1276 4001 1404 4055 gra-⁸

1472 2102 1738 2157 tulationes
1755 2102 1877 2176 ipsoe
1899 2120 1958 2155 ea
1975 2100 2278 2175 peperissent
2301 2100 2378 2153 de
2399 2102 2514 2171 qni-

1473 2179 1567 2233 bus
1577 2200 1714 2235 nunc
1730 2180 1991 2252 querimur
2009 2199 2024 2242 3
2039 2178 2229 2233 Seneca
2237 2190 2422 2231 autem
2441 2178 2514 2231 di·

1475 2277 1585 2312 cere
1602 2259 1741 2325 vult,
1762 2278 1823 2311 ea
1843 2257 2102 2330 dequibus
2117 2257 2514 2328 quer-imarum

1476 2357 1580 2392 esse
1606 2359 1666 2391 ex
1688 2339 1807 2412 ipsis
1827 2339 1974 2392 rebus
1993 2357 2107 2410 qua
2135 2338 2278 2391 nobis
2303 2339 2512 2392 fuerant

1475 2420 1684 2470 materia
1705 2417 2096 2492 gratulationum
2113 2455 2128 2482 ,
2147 2436 2206 2469 ea
2224 2417 2338 2490 ipsa
2365 2417 2510 2488 quasi

1477 2495 1610 2548 inter
1625 2494 1987 2567 gratulationes
2009 2507 2173 2547 ortum
2201 2494 2416 2567 cepisse.
2432 2497 2510 2547 In·

1479 2574 1544 2627 de
1572 2573 1771 2628 concise
1796 2574 1920 2627 dicit
1941 2595 2000 2627 ex
2018 2572 2136 2645 ipsis
2153 2572 2510 2644 gratulationi·

1477 2651 1571 2706 bus
1591 2663 1704 2704 nata
1725 2671 1846 2706 csse.

1545 2733 1592 2797 4.
1611 2731 1767 2785 Nulla·
1781 2751 1882 2784 non
1895 2735 2136 2799 partium
2149 2749 2380 2784 suarum
2395 2733 2508 2800 agr·-

1475 2812 1606 2863 Iitas
1624 2820 1715 2862 est.
1737 2809 1834 2861 lut.
1855 2808 2048 2864 Omnia
2067 2821 2272 2862 utuntur
2289 2807 2446 2861 facile
2463 2821 2510 2860 et

1479 2885 1678 2960 agiliter
1703 2885 1922 2960 partibus
1946 2887 2166 2960 corporis
2185 2886 2282 2938 sui.

1545 2965 1594 3016 5.
1607 2962 1836 3027 Pictor...
1855 2975 2126 3018 commeat.
2139 2962 2420 3017 culon-ihus
2437 2983 2507 3018 ce-

1477 3043 1680 3097 lerrime
1699 3045 1874 3110 utitur,
1895 3065 1982 3098 eos
1995 3044 2063 3100 ad
2077 3043 2398 3119 pingendum
2417 3045 2508 3098 eli-

1479 3119 1554 3192 git
1579 3133 1628 3173 et
1649 3121 1802 3174 sumit
1816 3159 1831 3185 ,
1857 3134 1906 3173 et
1927 3125 2062 3174 inter
2076 3139 2250 3174 oerum
2273 3121 2309 3173 i.
2334 3121 2509 3194 pugil-

1478 3198 1669 3263 larem,
1697 3211 1747 3252 et
1765 3199 2120 3272 archetypum,
2149 3199 2288 3270 quod
2317 3201 2508 3272 depin-

1481 3294 1599 3348 gere
1619 3275 1756 3339 vult,
1781 3276 1928 3330 facile
1949 3290 2294 3330 commeau—
2307 3277 2506 3349 Lipsius

1483 3355 1646 3408 haecce
1668 3355 1864 3407 notavit
1881 3372 1894 3406 :
1911 3355 2179 3409 Turnebus
2203 3358 2222 3420 (
2241 3356 2502 3410 Adversar.

1486 3437 1546 3501 ²4
1565 3471 1580 3500 ,
1611 3437 1688 3502 17)
1716 3445 1884 3498 notat,
1909 3452 2076 3486 ceram
2093 3453 2197 3486 esse
2215 3435 2391 3486 fucum
2407 3435 2501 3486 sire

1482 3510 1902 3584 picturamzquia
1931 3522 2120 3563 veteres
2139 3514 2272 3563 ceris
2301 3511 2504 3584 pingere

1480 3588 1724 3644 solebant.
1756 3587 1897 3640 Ceris
1923 3588 2038 3641 dico
2075 3589 2216 3642 varie
2257 3588 2504 3642 coloratis.

1481 3668 1643 3718 Varro
1659 3665 1741 3732 (de
1756 3667 1834 3718 Re
1849 3678 1969 3718 rust.
1983 3665 2084 3730 111,
2098 3668 2238 3733 17,4‚
2253 3663 2428 3734 ibique
2445 3663 2500 3716 cf.

1482 3743 1831 3811 Schneider.):
1853 3765 1880 3790 «
1897 3743 2118 3796 Pictores
2140 3741 2388 3794 loculatas
2405 3761 2504 3793 tna·

1476 3841 1602 3896 guas
1630 3822 1821 3876 habent
1851 3819 2042 3875 arculas
2063 3860 2078 3887 ,
2112 3819 2202 3872 ubi
2235 3818 2501 3873 discolores

1477 3901 1593 3953 sunt
1613 3920 1788 3956 cerae.»
1807 3899 2138 3953 —annebus
2160 3899 2335 3971 itaque
2355 3910 2404 3950 et
2419 3897 2500 3950 Li-

1481 3981 1614 4054 psius
1653 3981 1714 4035 de
1750 3981 1941 4055 pictura
1973 3989 2207 4033 encausta
2239 3979 2496 4050 cogitant,
