2667 4475
375 210 514 283 608
1113 203 1415 275 JUSTI
1462 203 1789 275 LIPSII

378 348 496 417 Et
477 374 601 438 ipsa
619 373 779 439 paene
799 362 887 412 est
905 350 1185 417 nihilum
1205 351 1460 413 universi
1476 350 1941 435 comparatione,
1962 360 2023 411 et
2038 348 2207 411 velut
2226 362 2557 433 punctum.

377 456 431 522 Ο
449 462 664 536 miseri,
679 459 878 520 caelum
892 438 1150 541 aspicite,
1172 458 1302 518 etin
1317 470 1533 519 terram
1554 457 1923 540 despicite
1848 454 1867 497 ἵ
1892 456 2243 519 «Punctum
2268 471 2371 520 est
2390 459 2559 531 illud,

379 570 442 628 in
472 589 588 650 quo
613 544 924 657 navigatis,
947 566 1012 624 in
1035 585 1152 647 qno
1175 564 1434 639 bellatis,
1458 564 1519 623 in
1542 586 1657 647 quo
1681 585 1861 648 regna
1876 564 2245 648 disponitisz
2271 568 2555 639 minhm,

381 674 554 735 etiam
583 686 763 755 quum
790 650 902 731 illis
930 669 1220 753 utrimque
1246 667 1511 731 Oceanus
1538 670 1865 732 occurrit.»

1034 910 1641 984 DISSERTATI'O
1687 913 1873 979 XIX·-

387 1084 742 1173 Stabilivea,
779 1098 1212 1161 anmooeatur?
1240 1095 1946 1181 itemquedeNoooor-be,
1980 1093 2457 1168 sentimenta,
2486 1120 2551 1157 αι

1125 1190 1800 1285 oeiaoegnarifhenht?

475 1412 680 1474 Fnuvx
711 1409 786 1473 de
815 1394 1151 1469 Elementis.
1185 1408 1339 1470 Aun.
1380 1407 1512 1470 Non
1550 1392 1730 1481 mihi3
1760 1406 1835 1470 de
1852 1396 2033 1469 Terra
2061 1400 2189 1470 duo
2220 1422 2369 1470 sunt
2388 1455 2409 1487 ,
2438 1433 2547 1493 qm

395 1520 568 1581 etiam
605 1526 855 1601 q'uaeram
871 1559 891 1591 ,
925 1512 1108 1577 Vetus
1139 1536 1324 1575 unum
1344 1558 1361 1591 ‚
1404 1496 1613 1595 ecquid
1652 1527 1804 1575 stare
1842 1536 1969 1576 cam
2012 1514 2195 1576 Stoici
2242 1533 2515 1578 censam
2529 1564 2545 1588 ,

396 1648 474 1686 an
502 1620 763 1687 moveri?
791 1622 1016 1683 Novum
1045 1618 1286 1681 alter'um
1303 1664 1321 1695 ‚
1354 1610 1449 1681 An
1480 1636 1660 1681 novus
1684 1620 1781 1681 hic
1807 1634 2024 1697 noster,
2052 1626 2337 1707 cognitus
2360 1627 2433 1685 iis
2458 1648 2547 1685 or-

396 1726 528 1787 bis?
559 1728 708 1787 Nam
732 1723 843 1784 hoc
873 1722 1138 1812 ultimum
1166 1740 1273 1804 ego
1301 1728 1475 1804 atque
1500 1718 1601 1783 alii
1630 1740 1780 1805 saepe
1808 1714 2247 1785 addubitamus.
2280 1726 2445 1787 Lus.
2474 1726 2549 1786 Ad

399 1812 704 1912 utrumque
749 1830 832 1889 sic
870 1827 1044 1888 habe.
1093 1818 1173 1888 Et
1211 1820 1373 1910 prius
1418 1828 1653 1910 quidem
1704 1830 1876 1889 etiam
1925 1830 2150 1891 Seneca
2192 1834 2334 1893 vult
2380 1834 2547 1893 excuti

399 1933 546 2019 (VII
566 1936 778 2012 Quaest.
809 1956 939 2017 cap.
967 1932 1079 2017 2),
1109 1960 1138 1989 α
1157 1932 1369 1995 Utrum
1388 1935 1658 1997 videlicet
1678 1934 1891 1997 Caelum
1911 1936 2174 1998 Mundus
2198 1951 2363 2000 terra
2386 1954 2549 1999 stante

403 2043 744 2117 circumeat,
777 2064 851 2101 an
882 2040 1106 2101 Mundo
1136 2052 1320 2101 stante
1351 2052 1503 2101 terra
1526 2042 1817 2103 vertatur?
1847 2042 2108 2103 Fuerunt
2135 2047 2304 2105 enim
2336 2048 2439 2129 qui
2464 2046 2551 2105 di-

404 2152 632 2224 cerent,
660 2158 765 2209 nos
794 2168 918 2209 csse
947 2168 1090 2230 quos
1119 2150 1312 2208 rerum
1331 2146 1548 2208 Natura
1566 2149 1885 2208 nescientes
1906 2142 2051 2209 ferat
2076 2172 2097 2209 z
2124 2172 2240 2211 nec
2266 2152 2391 2212 oeli
2410 2166 2549 2212 motu

405 2253 533 2313 fieri
559 2264 714 2312 ortus
743 2262 802 2312 et
831 2272 1062 2312 occasus
1084 2291 1102 2324 ,
1135 2248 1238 2309 sed
1267 2249 1421 2332 ipsos
1452 2271 1556 2310 nos
1584 2251 1721 2310 oriri
1750 2255 1810 2310 et
1832 2250 2116 2313 occidere.
2144 2249 2349 2337 Digna
2367 2277 2457 2315 ια
2476 2269 2549 2314 est

407 2359 884 2441 contemplatione
898 2402 917 2434 ‚
948 2369 1014 2418 ut
1037 2357 1281 2418 sciamus
1311 2347 1373 2416 in
1402 2363 1517 2440 quo
1545 2377 1737 2418 rerum
1760 2361 1911 2418 statu
1936 2359 2118 2420 simus
2145 2375 2165 2419 t
2188 2361 2547 2444 pigui-imam

323 2489 330 2494 ·
409 2467 632 2542 sortiti,
675 2487 749 2526 an
789 2465 1203 2528 velocissimam
1247 2462 1443 2524 sedem
1480 2487 1498 2523 ε
1530 2465 1682 2524 circa
1720 2485 1826 2524 nos
1865 2464 2024 2525 Deus
2068 2469 2307 2542 omnia,
2351 2489 2428 2529 an
2460 2490 2549 2530 nos

411 2585 562 2658 agat.
595 2597 624 2626 ιο
668 2574 800 2648 Ait,
851 2597 879 2626 ιι
906 2571 1082 2632 fuisse
1113 2571 1214 2653 qui
1259 2569 1537 2632 dicerent.
1563 2597 1591 2626 τι
1626 2569 1741 2647 Qui
1770 2567 1894 2632 illi?
1932 2571 2129 2655 plures
2156 2573 2431 2656 reperio;
2460 2576 2547 2636 scd

418 2706 448 2734 a
466 2680 684 2761 primus
714 2677 1001 2739 Philolaus
1039 2675 1446 2761 Pythagoricus
1469 2677 1657 2739 dixit:
1684 2690 1893 2739 terram
1923 2681 2141 2740 moveri
2174 2675 2241 2741 iu
2282 2681 2495 2743 orbem.
2518 2710 2541 2732 ι

415 2783 708 2870 (Laertius
732 2829 750 2862 ,
774 2785 849 2846 In
875 2781 1182 2868 Philolao.)
1208 2783 1390 2846 Addit
1426 2797 1618 2846 tamen
1650 2809 1668 2844 =
1707 2810 1735 2839 ιι
1761 2785 1878 2846 Alii
1904 2789 2097 2846 'tamen
2128 2781 2356 2850 Hiceta
2382 2791 2545 2871 Syra·-

415 2891 576 2954 cusio
617 2891 680 2954 id
723 2893 1001 2954 tribuunt.
1031 2919 1061 2945 n
1113 2889 1194 2952 Et
1240 2887 1315 2952 de
1364 2889 1573 2952 Hiceta
1595 2936 1613 2965 ‚
1665 2893 1838 2952 etiam
1884 2891 2083 2953 Cicero
2130 2893 2362 2976 (Acad.
2410 2895 2539 2976 11)=

423 3028 452 3056 α
469 3001 705 3062 Hicetas
724 3001 1059 3083 Syracusius
1077 3043 1094 3074 ‚
1121 3013 1190 3060 ut
1208 2999 1290 3058 ait
1309 2985 1737 3080 Theophrastus
1749 3042 1767 3074 ,
1793 3000 1991 3060 caelum
2008 3043 2026 3074 ‚
2046 3000 2241 3062 Solem
2256 3047 2277 3078 ,
2304 3002 2509 3065 Lunam
2526 3051 2539 3072 ‚

418 3107 639 3182 stellas,
671 3127 879 3188 supera
906 3104 1158 3188 denique
1187 3107 1381 3168 omnia
1408 3111 1555 3165 stare
1578 3113 1774 3166 censet
1796 3130 1812 3166 ε
1836 3127 2026 3187 neque
2046 3150 2063 3181 ‚
2086 3120 2301 3190 praeter
2326 3123 2539 3175 terram,

420 3236 545 3276 rem
573 3214 750 3276 ullam
781 3215 842 3273 in
870 3207 1096 3274 Mundo
1125 3207 1362 3274 moveri·
1397 3209 1587 3294 Atque
1614 3213 1721 3272 hoc
1748 3209 1919 3273 etiam
1944 3212 2241 3275 Platonem
2268 3217 2331 3276 in
2352 3217 2539 3277 'I'imaeo

425 3321 616 3383 dicere
645 3321 880 3404 quidam
912 3317 1257 3382 arbitrantur
1277 3366 1293 3397 ‚
1328 3316 1433 3381 sed
1470 3320 1641 3403 paulo
1680 3321 1996 3382 obscurius.
2022 3347 2051 3376 a·
2096 3324 2177 3384 At
2206 3322 2285 3384 de
2314 3323 2537 3386 Philebo

425 3411 864 3508 quod‘Laertius
883 3471 900 3501 ,
934 3430 1200 3488 universe
1234 3426 1567 3487 Plutarchus
1597 3427 1989 3508 Pythagoricis
2012 3425 2289 3490 adscribit
2306 3429 2409 3516 (ln
2428 3431 2540 3490 Nn-

426 3530 583 3614 ma),
613 3554 822 3614 cosque
865 3533 1100 3594 Terram
1147 3555 1264 3594 non
1305 3547 1509 3616 putare
1547 3534 1894 3595 immobilem
1913 3579 1931 3610 ‚
1974 3533 2078 3595 sed
2116 3556 2243 3597 esse
2268 3537 2332 3597 in
2360 3561 2537 3622 gyrum

429 3638 583 3699 circa
607 3639 800 3722 ignem
828 3660 1160 3721 suspensam
1179 3685 1196 3715 ,
1223 3667 1252 3694 ιι
1281 3639 1552 3722 additque
1574 3639 1648 3700 de
1670 3639 1903 3700 Platone
1922 3684 1941 3715 ,
1963 3653 2029 3702 ut
2048 3641 2249 3702 Cicero
2266 3687 2283 3717 ,
2310 3669 2339 3696 ι
2363 3643 2535 3704 ead·-

429 3745 545 3825 jam
573 3764 767 3806 senem·
790 3745 1031 3805 sensisse
1049 3770 1066 3805 ε
1088 3771 1116 3800 n
1140 3743 1293 3828 quod
1305 3741 1699 3830 Theophrasto
1724 3759 1953 3807 auctore
1974 3746 2035 3807 in
2055 3748 2261 3831 vulgus
2282 3771 2532 3814 manasse,

433 3849 590 3910 idem
632 3851 766 3910 alibi
814 3851 1079 3911 ostendit.
1119 3851 1234 3911 Ubi
1277 3829 1345 3910 ef
1364 3873 1437 3912 ex
1471 3851 1723 3933 professo
1772 3853 1946 3913 verba
1993 3853 2193 3914 Timaei
2238 3857 2529 3922 examinat,

437 3975 471 4014 e
501 3957 706 4037 quibus
745 3958 806 4017 id
843 3957 1216 4054 colligebant,
1243 3979 1378 4018 nam
1417 3960 1720 4044 scripserat
1752 3957 1861 4042 (In
1882 3959 2093 4036 Quaest.
2122 3959 2298 4040 Plat.)
2322 3987 2339 4022 ε
2366 3990 2391 4018 ι
2414 3965 2535 4026 Ani-
