2667 4475
451 330 928 401 PHYSIOL.
981 330 1486 401 STOICOR.
1540 332 1729 401 LIB.
1784 334 1885 401 11.
2098 337 2237 431 609

109 482 225 522 nas
243 461 303 521 in
325 474 536 522 terram
553 504 572 535 ,
595 472 652 519 et
671 458 890 519 Lunam
905 502 923 531 ,
947 472 1004 518 et
1019 480 1393 541 qmrcumque
1413 461 1524 521 alia
1544 463 1813 543 temporis
1831 464 2236 537 instrumenta,

109 569 386 649 lissipari.
416 593 443 619 n
479 567 557 625 At
580 565 866 648 quomodo
885 577 1038 624 terra
1057 608 1075 639 ,
1105 566 1156 623 si
1176 566 1453 647 quiescit,
1474 568 1747 647 temporis
1762 570 2241 628 instrumentum?

109 673 218 735 ied
261 671 569 755 respondet
607 672 732 753 ipse
752 714 770 743 ‚
798 682 864 729 et
891 670 1199 729 bellissime
1242 671 1411 731 solvit
1441 695 1457 729 z
1490 683 1553 729 tu
1584 672 1738 732 vide.
1781 672 1959 735 Addit
1988 674 2199 734 ibidem
2222 719 2241 749 ,

109 810 119 833 ι
159 778 552 847 Aristarchum
576 776 730 837 idem
753 775 827 836 de
847 775 1026 835 Terra
1049 777 1304 857 posuisse
1321 819 1339 849 ,
1372 775 1675 837 Seleucum
1698 778 2003 839 affirmasse
2028 804 2047 838 ε
2078 806 2105 832 ιι
2139 779 2241 839 sed

107 900 152 945 τι
187 884 516 947 Cleanthem
539 884 796 945 Samium
831 884 966 943 alibi
995 884 1054 943 in
1087 883 1194 941 hac
1223 895 1387 963 parte
1413 886 1593 965 ponit.
1622 885 1885 966 Denique
1918 884 2240 970 Leucippus

107 995 280 1053 ¹‚ensit
299 990 399 1075 (de
428 992 598 1052 Facie
631 992 692 1051 in
713 991 852 1051 orbe
873 988 1074 1071 Lunae)
1105 1012 1122 1047 ε
1157 1016 1184 1043 ιι
1209 989 1447 1049 Terram
1478 990 1646 1063 vehi,
1682 992 1831 1051 circa
1866 992 2119 1055 medium
2146 1018 2247 1055 as—

107 1101 265 1160 sidue
307 1120 528 1159 versam
550 1142 568 1171 ,
617 1117 742 1157 esse
783 1108 974 1157 autem
1013 1096 1194 1179 figura
1225 1098 1503 1177 tympani.
1538 1122 1565 1149 a
1600 1094 1787 1157 Vides
1818 1100 2017 1161 deliria
2044 1127 2059 1173 ;
2095 1126 2249 1185 quo-

107 1208 272 1267 nodo
317 1206 492 1266 aliter.
523 1203 857 1285 appellem?
901 1214 998 1261 aut
1045 1202 1188 1285 quid
1228 1202 1289 1261 in
1331 1202 1437 1261 ista
1485 1203 1814 1283 inquiram?
1848 1217 1907 1263 et
1938 1208 1985 1264 si
2018 1206 2251 1287 (tantus

105 1313 530 1373 Paradoxorum
577 1302 737 1371 amor
784 1308 908 1390 est)
957 1310 1124 1369 etiam
1169 1321 1399 1390 patrum
1432 1330 1549 1367 aevo
1581 1310 1787 1369 nobilis
1822 1312 2250 1375 mathematicus

106 1442 248 1481 ,iane
278 1418 538 1479 baeresim
571 1418 868 1489 excitavit,
904 1415 1008 1476 sed
1038 1438 1170 1476 cum
1201 1416 1326 1497 ipso
1359 1415 1662 1497 sepultam:
1707 1417 1897 1477 Nostri
1927 1431 2076 1479 stare
2104 1443 2251 1480 con·-

105 1547 276 1585 ;ensu
316 1524 603 1585 affirmant
648 1548 665 1582 ε
711 1534 770 1583 et
812 1523 960 1581 eaelis
992 1532 1177 1581 motus
1211 1544 1345 1581 suos
1386 1521 1737 1603 relinquunt.
1784 1524 2043 1585 Alterum
2092 1528 2251 1608 quod

105 1632 396 1714 {uaerebas
413 1674 430 1706 ,
460 1629 552 1691 De
583 1651 733 1689 novo
761 1627 984 1688 Mundo
1001 1672 1017 1701 ,
1054 1648 1229 1709 quem
1257 1641 1392 1687 ante
1424 1629 1695 1689 saeculum
1716 1643 2005 1711 repertum
2021 1675 2042 1705 ,
2068 1630 2251 1691 Ame-

103 1743 282 1800 ticam
325 1740 398 1800 ab
429 1760 546 1799 uno
584 1740 944 1797 inventorum
995 1736 1349 1819 appellamus
1368 1781 1386 1810 ‚
1438 1758 1569 1797 cum
1616 1739 1826 1817 injuria
1866 1740 2057 1821 aliqua
2104 1741 2253 1800 alio-

103 1869 252 1907 rum.
299 1845 599 1905 Noruntne
635 1842 896 1903 veteres?
943 1830 1154 1925 inquis.
1207 1842 1388 1903 Nosse
1434 1866 1548 1905 non
1596 1844 1783 1906 dicam
1830 1849 2063 1929 proprie
2080 1891 2099 1921 ‚
2150 1848 2253 1907 sed

103 1954 354 2013 aeivisse.
389 1951 580 2027 Quum
621 1952 776 2010 enim
813 1950 1135 2009 Australem
1175 1949 1375 2010 orbem
1386 1936 1409 2022 ¹,
1454 1962 1647 2011 nostro
1675 1950 1980 2013 adversum
2026 1940 2255 2013 adstru-

103 2071 314 2121 xerunt
331 2103 348 2133 ,
381 2071 438 2121 et
465 2070 710 2141 quatuor
749 2057 892 2118 adeo
919 2058 1110 2117 Terrae
1153 2064 1345 2140 partes
1371 2101 1389 2130 ‚
1424 2058 1545 2117 sive
1578 2060 1791 2119 insulas
1821 2058 2081 2121 fecerunt
2109 2060 2255 2142 (su-

101 2190 204 2250 pra
233 2166 536 2250 doctum),
563 2166 849 2250 quomodo
877 2188 993 2225 non
1023 2166 1363 2249 cogitatione
1396 2188 1607 2225 novum
1636 2166 1837 2225 orbem
1862 2166 2249 2248 comprehen-

101 2274 349 2336 derunt?
379 2275 698 2334 necessario
727 2274 888 2334 illum
905 2317 923 2346 ,
955 2285 1054 2332 aut
1081 2273 1304 2332 nullum
1329 2271 1531 2330 Cicero
1548 2273 1610 2330 in
1632 2271 1863 2331 Somnio
1888 2294 1905 2328 ε
1944 2299 1971 2326 ιι
1998 2269 2249 2332 Globum

101 2380 302 2444 mundi
321 2379 542 2439 duabus
554 2381 667 2438 oris
683 2361 1407 2440 distantibus'habitabilem
1428 2390 1485 2436 et
1506 2377 1718 2436 cultum
1744 2400 1760 2436 ε
1781 2398 2023 2456 quarum
2039 2377 2210 2438 altera
2230 2423 2251 2451 ,

101 2508 272 2570 quam
303 2506 407 2545 nos
435 2485 734 2544 incolimus
748 2527 766 2556 ‚
786 2485 970 2564 posita
989 2483 1097 2543 sub
1118 2503 1226 2542 axe
1247 2478 1320 2542 ad
1343 2494 1563 2564 septem
1585 2482 1775 2541 stellas
1798 2506 1813 2553 ;
1832 2483 2007 2542 altera
2028 2496 2252 2542 austra-

101 2597 164 2655 lis
183 2639 200 2669 ,
227 2594 414 2676 ignota
438 2591 602 2651 nobis
617 2633 634 2663 ,
667 2611 840 2671 quam
871 2601 1079 2650 vocant
1108 2586 1292 2650 Graeci
1317 2593 1589 2672 ἀπάξουσι.
1616 2615 1644 2643 »ι
1673 2588 2018 2671 Pomponius
2050 2591 2205 2652 Mela
2228 2615 2245 2651 ι

101 2731 126 2756 κ
159 2701 420 2781 Reliqua!
456 2697 581 2758 duae
620 2695 991 2770 habitabiles,
1025 2697 1180 2777 paria
1211 2709 1388 2778 agunt
1417 2697 1552 2756 anni
1583 2708 1837 2778 tempora
1854 2742 1873 2771 ‚
1903 2719 2101 2758 verum
2132 2721 2247 2760 non

101 2810 336 2890 pariter.
362 2797 778 2866 Antichthones
797 2804 1030 2864 alteram
1043 2847 1062 2878 ,
1083 2825 1188 2864 nos
1210 2783 1447 2863 alteram
1471 2804 1769 2863 incolimus
1794 2827 1809 2862 τ
1838 2804 1991 2864 illius
2008 2805 2149 2866 situs
2172 2806 2250 2866 oh

101 2915 362 2976 ardorem
389 2909 795 2973 intercedentis
826 2910 1003 2993 plaga
1035 2907 1517 2992 (AEquinoctialis)
1554 2911 1875 2992 incognitus
1893 2953 1911 2983 ,
1951 2909 2123 2990 liujus
2156 2911 2251 2971 di·-

101 3020 318 3082 cendus
342 3031 448 3079 est.
472 3045 500 3072 η
530 3019 656 3080 Non
682 3030 920 3099 possunt
945 3017 1293 3077 constantius
1326 3029 1425 3076 aut
1455 3017 1699 3090 certius,
1725 3017 1915 3076 dicere
1940 3015 2013 3076 de
2034 3017 2211 3077 altero
2226 3063 2245 3092 ,
2278 3055 2295 3074 1

101 3129 162 3188 id
187 3141 307 3200 est,
329 3148 478 3186 novo
493 3125 654 3185 orbe.
683 3123 883 3184 Cicero
904 3129 1154 3204 ἀπάξουσι
1175 3123 1517 3204 appellatam
1538 3166 1555 3197 ,
1581 3124 1655 3182 ab
1674 3123 1933 3204 opposito
1952 3124 2117 3184 nobis
2140 3147 2249 3184 axe

101 3235 240 3294 dicit
261 3259 276 3306 ;
303 3232 460 3294 Mela
481 3237 765 3314 ἀντίχθονα
783 3275 801 3304 ,
825 3231 988 3313 quasi
1009 3229 1305 3290 adversam
1333 3241 1564 3290 terram.
1596 3227 1783 3290 Estet
1806 3231 1866 3290 in
1892 3229 2125 3290 Platone
2146 3229 2245 3314 (in

101 3341 314 3401 Timaeo
335 3351 397 3400 et
416 3337 630 3420 Critia)
659 3337 915 3420 profecto
945 3349 1109 3398 vetus
1138 3349 1196 3398 et
1223 3359 1356 3398 vera
1386 3338 1661 3398 memoria
1688 3359 1905 3420 magnae
1936 3336 2251 3401 Atlantidis

101 3447 318 3518 insultu,
350 3466 523 3527 quam
545 3445 680 3504 Asia
711 3457 770 3505 et
797 3443 990 3504 Africa
1015 3437 1351 3526 ampliorem
1375 3443 1573 3502 scribit
1599 3466 1616 3501 ι
1641 3455 1812 3524 atque
1835 3445 1914 3502 ita
1941 3443 2212 3505 describit
2227 3489 2243 3518 ,

102 3567 168 3614 ut
189 3552 331 3612 mibi
355 3550 618 3612 videatur
643 3551 802 3612 locus
832 3550 1172 3610 dubitationi
1201 3572 1318 3610 non
1358 3571 1503 3623 esse,
1530 3549 1669 3630 quin
1706 3549 1901 3610 Novus
1933 3551 2085 3611 orbis
2113 3574 2247 3633 pars

104 3661 178 3718 sit
223 3657 518 3718 Platonicae
560 3657 710 3716 illius
757 3668 938 3716 ten-ae.
1005 3657 1152 3716 Nam
1195 3658 1447 3737 primum
1485 3655 1621 3716 sacit
1660 3657 1920 3738 locatque
1970 3659 2247 3742 grandem

105 3767 260 3826 illam
291 3767 564 3838 insulam,
591 3764 664 3824 ad
687 3763 878 3824 fauces
901 3761 1171 3825 Gaditani
1197 3766 1371 3824 maris
1396 3786 1557 3845 ;quae
1590 3765 1758 3848 longe
1788 3765 2013 3847 lateque
2038 3767 2252 3824 intror-

107 3894 232 3931 sum
272 3872 487 3932 scilicet
512 3883 733 3955 pateret
758 3893 772 3941 ;
810 3897 837 3922 ιι
874 3882 933 3929 et
963 3889 1035 3928 ex
1058 3891 1170 3950 qua
1193 3883 1341 3930 esset
1362 3869 1571 3953 gradus
1593 3872 1980 3952 transitusque
2010 3870 2082 3931 ad
2112 3871 2251 3930 alias

109 3979 320 4038 insulas
353 4001 370 4050 3
397 3980 720 4061 iterumque
747 3999 820 4038 ex
848 3977 969 4036 istis
997 3974 1069 4035 ad
1098 3977 1417 4059 oppositam
1445 3979 1829 4038 continentem
1845 4022 1863 4051 ‚
1898 3977 2252 4058 adjacentem

111 4085 252 4144 mari
277 4129 294 4159 ,
328 4084 483 4168 quod
529 4107 666 4145 vero
709 4085 941 4144 nomine
986 4084 1066 4142 sic
1109 4080 1482 4163 appellamus.
1516 4109 1544 4136 υ
1580 4081 1637 4142 Si
1681 4081 1800 4142 baec
1840 4084 2164 4146 consideras
2199 4097 2259 4146 et

403 4197 524 4266 IV.
1865 4195 1955 4286 39
