<?xml version="1.0" encoding="UTF-8"?>
<!DOCTYPE html PUBLIC "-//W3C//DTD XHTML 1.0 Transitional//EN"
    "http://www.w3.org/TR/xhtml1/DTD/xhtml1-transitional.dtd">
<html xmlns="http://www.w3.org/1999/xhtml" xml:lang="en" lang="en">
 <head>
  <title>
</title>
<meta http-equiv="Content-Type" content="text/html;charset=utf-8" />
  <meta name='ocr-system' content='tesseract 3.04.00' />
  <meta name='ocr-capabilities' content='ocr_page ocr_carea ocr_par ocr_line ocrx_word'/>
</head>
<body>
  <div class='ocr_page' id='page_1' title='image "./lannaeisenecaeo04bouigoog_0593.png"; bbox 0 0 2667 4475; ppageno 0'>
   <div class='ocr_carea' id='block_1_1' title="bbox 431 248 1839 365">
    <p class='ocr_par' dir='ltr' id='par_1_1' title="bbox 431 248 1839 365">
     <span class='ocr_line' id='line_1_1' title="bbox 431 248 1839 365; baseline -0.009 -24"><span class='ocrx_word' id='word_1_1' title='bbox 431 272 574 365; x_wconf 73' lang='lat'><strong>595</strong></span> <span class='ocrx_word' id='word_1_2' title='bbox 1154 248 1465 334; x_wconf 77' lang='lat' dir='ltr'>JUSTI</span> <span class='ocrx_word' id='word_1_3' title='bbox 1502 259 1839 332; x_wconf 76' lang='lat' dir='ltr'><strong>mrsu</strong></span> 
     </span>
    </p>
   </div>
   <div class='ocr_carea' id='block_1_2' title="bbox 401 426 2613 1255">
    <p class='ocr_par' dir='ltr' id='par_1_2' title="bbox 401 426 2613 1255">
     <span class='ocr_line' id='line_1_2' title="bbox 419 426 2609 514; baseline -0.004 -17"><span class='ocrx_word' id='word_1_4' title='bbox 419 439 539 498; x_wconf 81' lang='lat' dir='ltr'><strong>tuis</strong></span> <span class='ocrx_word' id='word_1_5' title='bbox 567 445 702 496; x_wconf 89' lang='lat' dir='ltr'><strong>sunt</strong></span> <span class='ocrx_word' id='word_1_6' title='bbox 726 435 914 494; x_wconf 90' lang='lat' dir='ltr'><strong>amici.</strong></span> <span class='ocrx_word' id='word_1_7' title='bbox 941 431 1102 493; x_wconf 76' lang='lat' dir='ltr'><strong>Ltrs.</strong></span> <span class='ocrx_word' id='word_1_8' title='bbox 1136 430 1364 506; x_wconf 78' lang='lat' dir='ltr'><strong>Fateor,</strong></span> <span class='ocrx_word' id='word_1_9' title='bbox 1394 442 1455 492; x_wconf 88' lang='lat' dir='ltr'><strong>et</strong></span> <span class='ocrx_word' id='word_1_10' title='bbox 1478 441 1806 514; x_wconf 82' lang='lat' dir='ltr'><strong>quanquam</strong></span> <span class='ocrx_word' id='word_1_11' title='bbox 1844 428 2053 490; x_wconf 83' lang='lat' dir='ltr'><strong>Fatum</strong></span> <span class='ocrx_word' id='word_1_12' title='bbox 2082 440 2144 489; x_wconf 88' lang='lat' dir='ltr'><strong>et</strong></span> <span class='ocrx_word' id='word_1_13' title='bbox 2166 426 2609 491; x_wconf 62' lang='lat' dir='ltr'><strong>Necessitates</strong></span> 
     </span>
     <span class='ocr_line' id='line_1_3' title="bbox 421 534 2613 625; baseline -0.003 -24"><span class='ocrx_word' id='word_1_14' title='bbox 421 544 483 603; x_wconf 90' lang='lat' dir='ltr'><strong>in</strong></span> <span class='ocrx_word' id='word_1_15' title='bbox 527 543 654 625; x_wconf 86' lang='lat' dir='ltr'><strong>ipsa</strong></span> <span class='ocrx_word' id='word_1_16' title='bbox 694 540 936 601; x_wconf 85' lang='lat' dir='ltr'><strong>Materie</strong></span> <span class='ocrx_word' id='word_1_17' title='bbox 977 549 1232 620; x_wconf 88' lang='lat' dir='ltr'><strong>ponunt,</strong></span> <span class='ocrx_word' id='word_1_18' title='bbox 1272 558 1448 619; x_wconf 84' lang='lat' dir='ltr'><strong>quam</strong></span> <span class='ocrx_word' id='word_1_19' title='bbox 1488 535 1723 597; x_wconf 79' lang='lat' dir='ltr'><strong>inbaeret</strong></span> <span class='ocrx_word' id='word_1_20' title='bbox 1756 558 1774 596; x_wconf 70' lang='grc' dir='ltr'><em>ε</em></span> <span class='ocrx_word' id='word_1_21' title='bbox 1806 548 2001 595; x_wconf 87' lang='lat' dir='ltr'><strong>tamen</strong></span> <span class='ocrx_word' id='word_1_22' title='bbox 2027 534 2205 595; x_wconf 83' lang='lat' dir='ltr'><strong>Astra</strong></span> <span class='ocrx_word' id='word_1_23' title='bbox 2230 536 2333 595; x_wconf 79' lang='lat' dir='ltr'><strong>vel</strong></span> <span class='ocrx_word' id='word_1_24' title='bbox 2368 556 2613 595; x_wconf 68' lang='lat' dir='ltr'><strong>movere</strong></span> 
     </span>
     <span class='ocr_line' id='line_1_4' title="bbox 419 640 2603 730; baseline -0.004 -22"><span class='ocrx_word' id='word_1_25' title='bbox 419 647 637 730; x_wconf 85' lang='lat' dir='ltr'><strong>aliquid</strong></span> <span class='ocrx_word' id='word_1_26' title='bbox 651 647 879 721; x_wconf 79' lang='lat' dir='ltr'><strong>volunt,</strong></span> <span class='ocrx_word' id='word_1_27' title='bbox 897 645 990 706; x_wconf 82' lang='lat' dir='ltr'><strong>vel</strong></span> <span class='ocrx_word' id='word_1_28' title='bbox 1007 656 1160 705; x_wconf 80' lang='lat' dir='ltr'><strong>certe</strong></span> <span class='ocrx_word' id='word_1_29' title='bbox 1185 666 1439 704; x_wconf 88' lang='lat' dir='ltr'><strong>monere.</strong></span> <span class='ocrx_word' id='word_1_30' title='bbox 1458 643 1697 705; x_wconf 77' lang='lat' dir='ltr'><strong>Dubitat</strong></span> <span class='ocrx_word' id='word_1_31' title='bbox 1714 640 1931 703; x_wconf 78' lang='lat' dir='ltr'>Seneca</span> <span class='ocrx_word' id='word_1_32' title='bbox 1960 640 2117 725; x_wconf 89' lang='lat' dir='ltr'><strong>(Ep.</strong></span> <span class='ocrx_word' id='word_1_33' title='bbox 2140 640 2383 724; x_wconf 70' lang='lat' dir='ltr'><strong>cxvii)</strong></span> <span class='ocrx_word' id='word_1_34' title='bbox 2408 686 2433 715; x_wconf 89' lang='lat'>‚</span> <span class='ocrx_word' id='word_1_35' title='bbox 2464 670 2497 695; x_wconf 72' lang='lat' dir='ltr'>a</span> <span class='ocrx_word' id='word_1_36' title='bbox 2528 644 2603 699; x_wconf 75' lang='lat' dir='ltr'><strong>An</strong></span> 
     </span>
     <span class='ocr_line' id='line_1_5' title="bbox 419 748 2605 831; baseline -0.004 -17"><span class='ocrx_word' id='word_1_37' title='bbox 419 756 495 815; x_wconf 85' lang='lat' dir='ltr'><strong>ad</strong></span> <span class='ocrx_word' id='word_1_38' title='bbox 539 754 828 815; x_wconf 81' lang='lat' dir='ltr'><strong>stellarum</strong></span> <span class='ocrx_word' id='word_1_39' title='bbox 855 764 1042 811; x_wconf 85' lang='lat' dir='ltr'><strong>motus</strong></span> <span class='ocrx_word' id='word_1_40' title='bbox 1070 762 1262 811; x_wconf 77' lang='lat' dir='ltr'><strong>nostra</strong></span> <span class='ocrx_word' id='word_1_41' title='bbox 1289 760 1628 809; x_wconf 80' lang='lat' dir='ltr'><strong>moveantur</strong></span> <span class='ocrx_word' id='word_1_42' title='bbox 1654 769 1893 831; x_wconf 84' lang='lat' dir='ltr'><strong>corpora</strong></span> <span class='ocrx_word' id='word_1_43' title='bbox 1914 789 1932 822; x_wconf 89' lang='lat'><strong>,</strong></span> <span class='ocrx_word' id='word_1_44' title='bbox 1963 770 2039 807; x_wconf 84' lang='lat' dir='ltr'><strong>an</strong></span> <span class='ocrx_word' id='word_1_45' title='bbox 2062 748 2447 828; x_wconf 81' lang='lat' dir='ltr'><strong>corporibus</strong></span> <span class='ocrx_word' id='word_1_46' title='bbox 2488 748 2605 805; x_wconf 77' lang='lat' dir='ltr'><strong>ani-</strong></span> 
     </span>
     <span class='ocr_line' id='line_1_6' title="bbox 411 852 2601 941; baseline -0.003 -22"><span class='ocrx_word' id='word_1_47' title='bbox 411 861 644 941; x_wconf 83' lang='lat' dir='ltr'><strong>misque</strong></span> <span class='ocrx_word' id='word_1_48' title='bbox 686 858 942 917; x_wconf 87' lang='lat' dir='ltr'><strong>omnium</strong></span> <span class='ocrx_word' id='word_1_49' title='bbox 971 856 1130 915; x_wconf 85' lang='lat' dir='ltr'><strong>illinc</strong></span> <span class='ocrx_word' id='word_1_50' title='bbox 1157 856 1404 937; x_wconf 83' lang='lat' dir='ltr'><strong>impetus</strong></span> <span class='ocrx_word' id='word_1_51' title='bbox 1428 852 1661 915; x_wconf 77' lang='lat' dir='ltr'><strong>veniat?</strong></span> <span class='ocrx_word' id='word_1_52' title='bbox 1686 880 1713 908; x_wconf 71' lang='lat' dir='ltr'>n</span> <span class='ocrx_word' id='word_1_53' title='bbox 1742 852 1819 914; x_wconf 86' lang='lat' dir='ltr'><strong>Et</strong></span> <span class='ocrx_word' id='word_1_54' title='bbox 1857 852 2145 913; x_wconf 82' lang='lat' dir='ltr'><strong>affirmare</strong></span> <span class='ocrx_word' id='word_1_55' title='bbox 2170 854 2349 936; x_wconf 38' lang='lat' dir='ltr'><strong>illud·</strong></span> <span class='ocrx_word' id='word_1_56' title='bbox 2372 854 2601 913; x_wconf 79' lang='lat' dir='ltr'><strong>videtur</strong></span> 
     </span>
     <span class='ocr_line' id='line_1_7' title="bbox 403 958 2595 1046; baseline -0.003 -22"><span class='ocrx_word' id='word_1_57' title='bbox 403 966 554 1025; x_wconf 75' lang='lat' dir='ltr'><strong>‘alibi</strong></span> <span class='ocrx_word' id='word_1_58' title='bbox 579 961 694 1046; x_wconf 86' lang='lat' dir='ltr'><strong>(de</strong></span> <span class='ocrx_word' id='word_1_59' title='bbox 715 961 952 1023; x_wconf 77' lang='lat' dir='ltr'><strong>Provid.</strong></span> <span class='ocrx_word' id='word_1_60' title='bbox 983 983 1110 1042; x_wconf 84' lang='lat' dir='ltr'><strong>cap.</strong></span> <span class='ocrx_word' id='word_1_61' title='bbox 1142 959 1198 1042; x_wconf 87' lang='lat'><strong>1)</strong></span> <span class='ocrx_word' id='word_1_62' title='bbox 1221 984 1240 1019; x_wconf 68' lang='grc' dir='ltr'><strong>ε</strong></span> <span class='ocrx_word' id='word_1_63' title='bbox 1271 987 1300 1014; x_wconf 76' lang='grc' dir='ltr'><strong>α</strong></span> <span class='ocrx_word' id='word_1_64' title='bbox 1325 961 1495 1020; x_wconf 89' lang='lat' dir='ltr'><strong>Hanc</strong></span> <span class='ocrx_word' id='word_1_65' title='bbox 1522 960 1857 1019; x_wconf 82' lang='lat' dir='ltr'><strong>inoffensam</strong></span> <span class='ocrx_word' id='word_1_66' title='bbox 1880 960 2253 1021; x_wconf 82' lang='lat' dir='ltr'><strong>velocitatem</strong></span> <span class='ocrx_word' id='word_1_67' title='bbox 2276 958 2595 1042; x_wconf 63' lang='lat' dir='ltr'><strong>(siderum)</strong></span> 
     </span>
     <span class='ocr_line' id='line_1_8' title="bbox 403 1068 2591 1149; baseline -0.003 -17"><span class='ocrx_word' id='word_1_68' title='bbox 403 1082 640 1132; x_wconf 58' lang='lat' dir='ltr'><strong>tantum</strong></span> <span class='ocrx_word' id='word_1_69' title='bbox 666 1092 860 1130; x_wconf 84' lang='lat' dir='ltr'><strong>rerum</strong></span> <span class='ocrx_word' id='word_1_70' title='bbox 885 1080 1037 1129; x_wconf 85' lang='lat' dir='ltr'><strong>terra</strong></span> <span class='ocrx_word' id='word_1_71' title='bbox 1068 1068 1327 1149; x_wconf 85' lang='lat' dir='ltr'><strong>marique</strong></span> <span class='ocrx_word' id='word_1_72' title='bbox 1362 1080 1676 1149; x_wconf 81' lang='lat' dir='ltr'><strong>gestantem</strong></span> <span class='ocrx_word' id='word_1_73' title='bbox 1695 1111 1714 1142; x_wconf 91' lang='lat'>,</span> <span class='ocrx_word' id='word_1_74' title='bbox 1744 1088 1859 1126; x_wconf 85' lang='lat' dir='ltr'><strong>non</strong></span> <span class='ocrx_word' id='word_1_75' title='bbox 1894 1088 2021 1127; x_wconf 91' lang='lat' dir='ltr'><strong>esse</strong></span> <span class='ocrx_word' id='word_1_76' title='bbox 2048 1070 2321 1127; x_wconf 71' lang='lat' dir='ltr'><strong>materiae</strong></span> <span class='ocrx_word' id='word_1_77' title='bbox 2352 1070 2591 1127; x_wconf 67' lang='lat' dir='ltr'><strong>errantis</strong></span> 
     </span>
     <span class='ocr_line' id='line_1_9' title="bbox 401 1146 2587 1255; baseline -0.003 -18"><span class='ocrx_word' id='word_1_78' title='bbox 401 1176 698 1237; x_wconf 61' lang='lat' dir='ltr'><strong>vin-dinem.</strong></span> <span class='ocrx_word' id='word_1_79' title='bbox 727 1200 755 1227; x_wconf 75' lang='lat' dir='ltr'>n</span> <span class='ocrx_word' id='word_1_80' title='bbox 779 1175 956 1249; x_wconf 87' lang='lat' dir='ltr'><strong>Quasi</strong></span> <span class='ocrx_word' id='word_1_81' title='bbox 978 1174 1106 1255; x_wconf 89' lang='lat' dir='ltr'><strong>ipsa</strong></span> <span class='ocrx_word' id='word_1_82' title='bbox 1133 1172 1321 1232; x_wconf 86' lang='lat' dir='ltr'><strong>sidera</strong></span> <span class='ocrx_word' id='word_1_83' title='bbox 1350 1192 1442 1232; x_wconf 86' lang='lat' dir='ltr'><strong>res</strong></span> <span class='ocrx_word' id='word_1_84' title='bbox 1467 1170 1748 1247; x_wconf 87' lang='lat' dir='ltr'><strong>babeant,</strong></span> <span class='ocrx_word' id='word_1_85' title='bbox 1778 1146 2117 1255; x_wconf 68' lang='lat' dir='ltr'><strong>gestentque</strong></span> <span class='ocrx_word' id='word_1_86' title='bbox 2140 1172 2447 1233; x_wconf 73' lang='lat' dir='ltr'><strong>inclusas.</strong></span> <span class='ocrx_word' id='word_1_87' title='bbox 2480 1174 2587 1232; x_wconf 78' lang='lat' dir='ltr'><strong>Ite-</strong></span> 
     </span>
    </p>
   </div>
   <div class='ocr_carea' id='block_1_3' title="bbox 265 1275 2587 1364">
    <p class='ocr_par' dir='ltr' id='par_1_3' title="bbox 265 1275 2587 1364">
     <span class='ocr_line' id='line_1_10' title="bbox 265 1275 2587 1364; baseline -0.003 -20"><span class='ocrx_word' id='word_1_88' title='bbox 265 1328 284 1357; x_wconf 77' lang='lat'><em>,</em></span> <span class='ocrx_word' id='word_1_89' title='bbox 415 1302 660 1364; x_wconf 81' lang='lat' dir='ltr'><strong>rumque</strong></span> <span class='ocrx_word' id='word_1_90' title='bbox 688 1280 824 1341; x_wconf 87' lang='lat' dir='ltr'><strong>alibi</strong></span> <span class='ocrx_word' id='word_1_91' title='bbox 853 1278 954 1363; x_wconf 89' lang='lat' dir='ltr'><strong>(ad</strong></span> <span class='ocrx_word' id='word_1_92' title='bbox 979 1279 1256 1339; x_wconf 83' lang='lat' dir='ltr'><strong>Marciam</strong></span> <span class='ocrx_word' id='word_1_93' title='bbox 1271 1321 1288 1351; x_wconf 93' lang='lat'><strong>‚</strong></span> <span class='ocrx_word' id='word_1_94' title='bbox 1321 1300 1450 1358; x_wconf 33' lang='lat' dir='ltr'><strong>cap..</strong></span> <span class='ocrx_word' id='word_1_95' title='bbox 1492 1275 1601 1360; x_wconf 84' lang='lat'><strong>18)</strong></span> <span class='ocrx_word' id='word_1_96' title='bbox 1626 1302 1644 1338; x_wconf 71' lang='grc' dir='ltr'><strong>ε</strong></span> <span class='ocrx_word' id='word_1_97' title='bbox 1672 1303 1703 1333; x_wconf 75' lang='grc' dir='ltr'><strong>ιι</strong></span> <span class='ocrx_word' id='word_1_98' title='bbox 1728 1276 1820 1338; x_wconf 88' lang='lat' dir='ltr'><strong>Ex</strong></span> <span class='ocrx_word' id='word_1_99' title='bbox 1842 1277 2099 1339; x_wconf 84' lang='lat' dir='ltr'><strong>siderum</strong></span> <span class='ocrx_word' id='word_1_100' title='bbox 2125 1280 2415 1361; x_wconf 82' lang='lat' dir='ltr'><strong>quinque</strong></span> <span class='ocrx_word' id='word_1_101' title='bbox 2440 1280 2587 1362; x_wconf 77' lang='lat' dir='ltr'><strong>(Pla-</strong></span> 
     </span>
    </p>
   </div>
   <div class='ocr_carea' id='block_1_4' title="bbox 385 1383 2581 3168">
    <p class='ocr_par' dir='ltr' id='par_1_4' title="bbox 385 1383 2581 3168">
     <span class='ocr_line' id='line_1_11' title="bbox 403 1383 2581 1468; baseline -0 -21"><span class='ocrx_word' id='word_1_102' title='bbox 403 1383 716 1468; x_wconf 71' lang='lat' dir='ltr'><strong>netarum)</strong></span> <span class='ocrx_word' id='word_1_103' title='bbox 758 1384 1060 1447; x_wconf 83' lang='lat' dir='ltr'><strong>levissimis</strong></span> <span class='ocrx_word' id='word_1_104' title='bbox 1106 1384 1356 1445; x_wconf 89' lang='lat' dir='ltr'><strong>motibus</strong></span> <span class='ocrx_word' id='word_1_105' title='bbox 1396 1383 1635 1444; x_wconf 69' lang='lat' dir='ltr'><strong>fortuna</strong></span> <span class='ocrx_word' id='word_1_106' title='bbox 1684 1386 2027 1466; x_wconf 86' lang='lat' dir='ltr'><strong>populorum</strong></span> <span class='ocrx_word' id='word_1_107' title='bbox 2079 1384 2447 1467; x_wconf 80' lang='lat' dir='ltr'><strong>dependent</strong></span> <span class='ocrx_word' id='word_1_108' title='bbox 2472 1432 2491 1459; x_wconf 90' lang='lat'><strong>‚</strong></span> <span class='ocrx_word' id='word_1_109' title='bbox 2536 1400 2581 1445; x_wconf 75' lang='lat' dir='ltr'><strong>ct</strong></span> 
     </span>
     <span class='ocr_line' id='line_1_12' title="bbox 402 1488 2579 1574; baseline -0.001 -21"><span class='ocrx_word' id='word_1_110' title='bbox 402 1494 662 1553; x_wconf 80' lang='lat' dir='ltr'><strong>maxima</strong></span> <span class='ocrx_word' id='word_1_111' title='bbox 703 1512 773 1551; x_wconf 87' lang='lat' dir='ltr'><strong>ac</strong></span> <span class='ocrx_word' id='word_1_112' title='bbox 817 1490 1059 1550; x_wconf 89' lang='lat' dir='ltr'><strong>minima</strong></span> <span class='ocrx_word' id='word_1_113' title='bbox 1091 1489 1335 1571; x_wconf 87' lang='lat' dir='ltr'><strong>proinde</strong></span> <span class='ocrx_word' id='word_1_114' title='bbox 1370 1488 1689 1551; x_wconf 80' lang='lat' dir='ltr'><strong>formantur</strong></span> <span class='ocrx_word' id='word_1_115' title='bbox 1702 1534 1720 1564; x_wconf 87' lang='lat'><strong>‚</strong></span> <span class='ocrx_word' id='word_1_116' title='bbox 1764 1503 1935 1571; x_wconf 84' lang='lat' dir='ltr'><strong>prout</strong></span> <span class='ocrx_word' id='word_1_117' title='bbox 1968 1512 2199 1571; x_wconf 79' lang='lat' dir='ltr'><strong>aequum</strong></span> <span class='ocrx_word' id='word_1_118' title='bbox 2242 1494 2579 1574; x_wconf 63' lang='lat' dir='ltr'><strong>iniquumve</strong></span> 
     </span>
     <span class='ocr_line' id='line_1_13' title="bbox 397 1595 2577 1681; baseline -0.001 -22"><span class='ocrx_word' id='word_1_119' title='bbox 397 1600 560 1660; x_wconf 83' lang='lat' dir='ltr'><strong>sidus</strong></span> <span class='ocrx_word' id='word_1_120' title='bbox 591 1598 844 1658; x_wconf 82' lang='lat' dir='ltr'><strong>incessit.</strong></span> <span class='ocrx_word' id='word_1_121' title='bbox 876 1622 904 1650; x_wconf 76' lang='grc' dir='ltr'><strong>ιι</strong></span> <span class='ocrx_word' id='word_1_122' title='bbox 948 1596 1218 1678; x_wconf 85' lang='lat' dir='ltr'><strong>Denique</strong></span> <span class='ocrx_word' id='word_1_123' title='bbox 1255 1596 1485 1679; x_wconf 83' lang='lat' dir='ltr'><strong>longius</strong></span> <span class='ocrx_word' id='word_1_124' title='bbox 1508 1640 1527 1671; x_wconf 92' lang='lat'>‚</span> <span class='ocrx_word' id='word_1_125' title='bbox 1564 1595 1641 1657; x_wconf 83' lang='lat' dir='ltr'><strong>ad</strong></span> <span class='ocrx_word' id='word_1_126' title='bbox 1670 1596 1858 1656; x_wconf 85' lang='lat' dir='ltr'><strong>sidera</strong></span> <span class='ocrx_word' id='word_1_127' title='bbox 1888 1598 2059 1655; x_wconf 79' lang='lat' dir='ltr'><strong>etiam</strong></span> <span class='ocrx_word' id='word_1_128' title='bbox 2088 1597 2211 1657; x_wconf 82' lang='lat' dir='ltr'><strong>fixa</strong></span> <span class='ocrx_word' id='word_1_129' title='bbox 2230 1642 2251 1673; x_wconf 87' lang='lat'><strong>,</strong></span> <span class='ocrx_word' id='word_1_130' title='bbox 2288 1600 2425 1659; x_wconf 80' lang='lat' dir='ltr'><strong>vult</strong></span> <span class='ocrx_word' id='word_1_131' title='bbox 2448 1620 2577 1681; x_wconf 81' lang='lat' dir='ltr'><strong>pro-</strong></span> 
     </span>
     <span class='ocr_line' id='line_1_14' title="bbox 403 1700 2577 1787; baseline -0.001 -21"><span class='ocrx_word' id='word_1_132' title='bbox 403 1705 562 1766; x_wconf 86' lang='lat' dir='ltr'><strong>tendi</strong></span> <span class='ocrx_word' id='word_1_133' title='bbox 611 1704 712 1787; x_wconf 82' lang='lat'><strong>(11</strong></span> <span class='ocrx_word' id='word_1_134' title='bbox 740 1702 950 1779; x_wconf 68' lang='lat' dir='ltr'><strong>Quaest.</strong></span> <span class='ocrx_word' id='word_1_135' title='bbox 997 1702 1126 1763; x_wconf 86' lang='lat' dir='ltr'><strong>Nat.</strong></span> <span class='ocrx_word' id='word_1_136' title='bbox 1181 1724 1310 1784; x_wconf 90' lang='lat' dir='ltr'><strong>cap.</strong></span> <span class='ocrx_word' id='word_1_137' title='bbox 1366 1701 1481 1786; x_wconf 82' lang='lat'><strong>32)</strong></span> <span class='ocrx_word' id='word_1_138' title='bbox 1512 1726 1529 1761; x_wconf 71' lang='grc' dir='ltr'><strong>ε</strong></span> <span class='ocrx_word' id='word_1_139' title='bbox 1569 1729 1599 1757; x_wconf 75' lang='grc' dir='ltr'><strong>ιι</strong></span> <span class='ocrx_word' id='word_1_140' title='bbox 1624 1703 1891 1784; x_wconf 79' lang='lat' dir='ltr'><strong>Quinque</strong></span> <span class='ocrx_word' id='word_1_141' title='bbox 1929 1700 2231 1763; x_wconf 85' lang='lat' dir='ltr'><strong>stellarum</strong></span> <span class='ocrx_word' id='word_1_142' title='bbox 2272 1718 2577 1786; x_wconf 61' lang='lat' dir='ltr'><strong>potemus</strong></span> 
     </span>
     <span class='ocr_line' id='line_1_15' title="bbox 385 1808 2571 1892; baseline 0 -22"><span class='ocrx_word' id='word_1_143' title='bbox 385 1810 798 1870; x_wconf 62' lang='lat' dir='ltr'><strong>Chaldaeorum</strong></span> <span class='ocrx_word' id='word_1_144' title='bbox 828 1810 1153 1869; x_wconf 82' lang='lat' dir='ltr'><strong>observatio</strong></span> <span class='ocrx_word' id='word_1_145' title='bbox 1175 1810 1426 1892; x_wconf 82' lang='lat' dir='ltr'><strong>excepit.</strong></span> <span class='ocrx_word' id='word_1_146' title='bbox 1446 1808 1600 1884; x_wconf 86' lang='lat' dir='ltr'><strong>Quid</strong></span> <span class='ocrx_word' id='word_1_147' title='bbox 1626 1822 1723 1869; x_wconf 86' lang='lat' dir='ltr'><strong>tu.</strong></span> <span class='ocrx_word' id='word_1_148' title='bbox 1706 1809 1733 1849; x_wconf 66' lang='lat'><strong>&#39;³</strong></span> <span class='ocrx_word' id='word_1_149' title='bbox 1756 1822 1839 1870; x_wconf 87' lang='lat' dir='ltr'><strong>tot</strong></span> <span class='ocrx_word' id='word_1_150' title='bbox 1864 1810 2042 1869; x_wconf 86' lang='lat' dir='ltr'><strong>millia</strong></span> <span class='ocrx_word' id='word_1_151' title='bbox 2067 1808 2343 1871; x_wconf 83' lang='lat' dir='ltr'><strong>siderum</strong></span> <span class='ocrx_word' id='word_1_152' title='bbox 2362 1812 2571 1891; x_wconf 75' lang='lat' dir='ltr'><strong>judicas</strong></span> 
     </span>
     <span class='ocr_line' id='line_1_16' title="bbox 399 1914 2569 2001; baseline 0.001 -26.013"><span class='ocrx_word' id='word_1_153' title='bbox 399 1916 593 1975; x_wconf 70' lang='lat' dir='ltr'><strong>otiosa</strong></span> <span class='ocrx_word' id='word_1_154' title='bbox 620 1914 852 1974; x_wconf 79' lang='lat' dir='ltr'><strong>lucere?</strong></span> <span class='ocrx_word' id='word_1_155' title='bbox 881 1914 1039 1989; x_wconf 86' lang='lat' dir='ltr'><strong>Quid</strong></span> <span class='ocrx_word' id='word_1_156' title='bbox 1072 1928 1160 1975; x_wconf 86' lang='lat' dir='ltr'><strong>cst</strong></span> <span class='ocrx_word' id='word_1_157' title='bbox 1188 1938 1363 1996; x_wconf 83' lang='lat' dir='ltr'><strong>porro</strong></span> <span class='ocrx_word' id='word_1_158' title='bbox 1393 1915 1585 1989; x_wconf 86' lang='lat' dir='ltr'><strong>aliud,</strong></span> <span class='ocrx_word' id='word_1_159' title='bbox 1620 1915 1777 1997; x_wconf 89' lang='lat' dir='ltr'><strong>quod</strong></span> <span class='ocrx_word' id='word_1_160' title='bbox 1804 1936 2055 1976; x_wconf 70' lang='lat' dir='ltr'><strong>cruorem</strong></span> <span class='ocrx_word' id='word_1_161' title='bbox 2094 1917 2355 1979; x_wconf 79' lang='lat' dir='ltr'><strong>incutiat</strong></span> <span class='ocrx_word' id='word_1_162' title='bbox 2390 1922 2569 2001; x_wconf 80' lang='lat' dir='ltr'><strong>pen&#39;tis</strong></span> 
     </span>
     <span class='ocr_line' id='line_1_17' title="bbox 397 2020 2565 2106; baseline 0.002 -25.032"><span class='ocrx_word' id='word_1_163' title='bbox 397 2021 728 2093; x_wconf 62' lang='lat' dir='ltr'><strong>natalium,</strong></span> <span class='ocrx_word' id='word_1_164' title='bbox 762 2041 934 2101; x_wconf 85' lang='lat' dir='ltr'><strong>quam</strong></span> <span class='ocrx_word' id='word_1_165' title='bbox 963 2020 1120 2102; x_wconf 88' lang='lat' dir='ltr'><strong>quod</strong></span> <span class='ocrx_word' id='word_1_166' title='bbox 1147 2023 1346 2102; x_wconf 78' lang='lat' dir='ltr'><strong>paucis</strong></span> <span class='ocrx_word' id='word_1_167' title='bbox 1372 2043 1477 2082; x_wconf 90' lang='lat' dir='ltr'><strong>nos</strong></span> <span class='ocrx_word' id='word_1_168' title='bbox 1505 2021 1787 2082; x_wconf 81' lang='lat' dir='ltr'><strong>sideribus</strong></span> <span class='ocrx_word' id='word_1_169' title='bbox 1810 2023 2147 2105; x_wconf 84' lang='lat' dir='ltr'><strong>assignant·</strong></span> <span class='ocrx_word' id='word_1_170' title='bbox 2128 2046 2367 2106; x_wconf 84' lang='lat' dir='ltr'><strong>.quum</strong></span> <span class='ocrx_word' id='word_1_171' title='bbox 2392 2028 2565 2086; x_wconf 78' lang='lat' dir='ltr'><strong>omnia</strong></span> 
     </span>
     <span class='ocr_line' id='line_1_18' title="bbox 396 2126 2565 2214; baseline 0.002 -29"><span class='ocrx_word' id='word_1_172' title='bbox 396 2144 536 2210; x_wconf 59' lang='lat' dir='ltr'><strong>quie</strong></span> <span class='ocrx_word' id='word_1_173' title='bbox 563 2145 738 2208; x_wconf 83' lang='lat' dir='ltr'><strong>supra</strong></span> <span class='ocrx_word' id='word_1_174' title='bbox 765 2146 870 2186; x_wconf 88' lang='lat' dir='ltr'><strong>nos</strong></span> <span class='ocrx_word' id='word_1_175' title='bbox 899 2136 1061 2200; x_wconf 86' lang='lat' dir='ltr'><strong>sunt,</strong></span> <span class='ocrx_word' id='word_1_176' title='bbox 1092 2138 1312 2208; x_wconf 85' lang='lat' dir='ltr'><strong>partem</strong></span> <span class='ocrx_word' id='word_1_177' title='bbox 1342 2128 1453 2186; x_wconf 86' lang='lat' dir='ltr'><strong>sibi</strong></span> <span class='ocrx_word' id='word_1_178' title='bbox 1479 2128 1657 2187; x_wconf 87' lang='lat' dir='ltr'><strong>nostri</strong></span> <span class='ocrx_word' id='word_1_179' title='bbox 1686 2126 2074 2188; x_wconf 72' lang='lat' dir='ltr'><strong>vindiccnt‘3»</strong></span> <span class='ocrx_word' id='word_1_180' title='bbox 2097 2128 2299 2191; x_wconf 84' lang='lat' dir='ltr'><strong>Valde</strong></span> <span class='ocrx_word' id='word_1_181' title='bbox 2328 2154 2443 2214; x_wconf 80' lang='lat' dir='ltr'><strong>pro</strong></span> <span class='ocrx_word' id='word_1_182' title='bbox 2464 2130 2565 2190; x_wconf 75' lang='lat' dir='ltr'><strong>Ge·</strong></span> 
     </span>
     <span class='ocr_line' id='line_1_19' title="bbox 397 2233 2555 2320; baseline 0 -24"><span class='ocrx_word' id='word_1_183' title='bbox 397 2235 708 2297; x_wconf 74' lang='lat' dir='ltr'><strong>&#39;nethliacis</strong></span> <span class='ocrx_word' id='word_1_184' title='bbox 729 2233 864 2296; x_wconf 81' lang='lat' dir='ltr'><strong>facit</strong></span> <span class='ocrx_word' id='word_1_185' title='bbox 878 2276 895 2309; x_wconf 91' lang='lat'>,</span> <span class='ocrx_word' id='word_1_186' title='bbox 921 2255 1064 2315; x_wconf 86' lang='lat' dir='ltr'><strong>quos</strong></span> <span class='ocrx_word' id='word_1_187' title='bbox 1091 2245 1282 2294; x_wconf 85' lang='lat' dir='ltr'><strong>tamen</strong></span> <span class='ocrx_word' id='word_1_188' title='bbox 1303 2234 1476 2294; x_wconf 82' lang='lat' dir='ltr'><strong>vellet</strong></span> <span class='ocrx_word' id='word_1_189' title='bbox 1502 2255 1619 2294; x_wconf 90' lang='lat' dir='ltr'><strong>non</strong></span> <span class='ocrx_word' id='word_1_190' title='bbox 1642 2233 2000 2296; x_wconf 70' lang='lat' dir='ltr'><strong>planetarum</strong></span> <span class='ocrx_word' id='word_1_191' title='bbox 2028 2249 2259 2297; x_wconf 82' lang='lat' dir='ltr'><strong>tantum</strong></span> <span class='ocrx_word' id='word_1_192' title='bbox 2280 2241 2555 2320; x_wconf 75' lang='lat' dir='ltr'><strong>quinque,</strong></span> 
     </span>
     <span class='ocr_line' id='line_1_20' title="bbox 397 2338 2551 2422; baseline -0 -19"><span class='ocrx_word' id='word_1_193' title='bbox 397 2341 640 2403; x_wconf 71' lang='lat' dir='ltr'><strong>*et-Solis</strong></span> <span class='ocrx_word' id='word_1_194' title='bbox 683 2362 750 2399; x_wconf 92' lang='lat' dir='ltr'><strong>ac</strong></span> <span class='ocrx_word' id='word_1_195' title='bbox 791 2338 1002 2411; x_wconf 79' lang='lat' dir='ltr'><strong>Lunae3</strong></span> <span class='ocrx_word' id='word_1_196' title='bbox 1041 2339 1146 2400; x_wconf 85' lang='lat' dir='ltr'><strong>sed</strong></span> <span class='ocrx_word' id='word_1_197' title='bbox 1189 2341 1361 2398; x_wconf 84' lang='lat' dir='ltr'><strong>etiam</strong></span> <span class='ocrx_word' id='word_1_198' title='bbox 1396 2340 1640 2400; x_wconf 82' lang='lat' dir='ltr'><strong>fixorum</strong></span> <span class='ocrx_word' id='word_1_199' title='bbox 1667 2340 1919 2402; x_wconf 86' lang='lat' dir='ltr'><strong>siderum</strong></span> <span class='ocrx_word' id='word_1_200' title='bbox 1948 2354 2261 2422; x_wconf 54' lang='lat' dir='ltr'><strong>potestates</strong></span> <span class='ocrx_word' id='word_1_201' title='bbox 2296 2347 2518 2404; x_wconf 75' lang='lat' dir='ltr'><strong>novisse</strong></span> <span class='ocrx_word' id='word_1_202' title='bbox 2534 2369 2551 2402; x_wconf 76' lang='grc' dir='ltr'><strong><em>ε</em></strong></span> 
     </span>
     <span class='ocr_line' id='line_1_21' title="bbox 399 2446 2551 2530; baseline 0.002 -25"><span class='ocrx_word' id='word_1_203' title='bbox 399 2465 540 2530; x_wconf 60' lang='lat' dir='ltr'><strong>‘qux</strong></span> <span class='ocrx_word' id='word_1_204' title='bbox 559 2446 890 2528; x_wconf 77' lang='lat' dir='ltr'><strong>ignorantia</strong></span> <span class='ocrx_word' id='word_1_205' title='bbox 906 2488 925 2521; x_wconf 89' lang='lat'>,</span> <span class='ocrx_word' id='word_1_206' title='bbox 955 2446 1146 2526; x_wconf 79' lang='lat' dir='ltr'><strong>inquit</strong></span> <span class='ocrx_word' id='word_1_207' title='bbox 1161 2487 1180 2519; x_wconf 85' lang='lat'>,</span> <span class='ocrx_word' id='word_1_208' title='bbox 1212 2462 1383 2504; x_wconf 87' lang='lat' dir='ltr'><strong>causa</strong></span> <span class='ocrx_word' id='word_1_209' title='bbox 1410 2457 1497 2504; x_wconf 88' lang='lat' dir='ltr'><strong>est</strong></span> <span class='ocrx_word' id='word_1_210' title='bbox 1518 2467 1622 2504; x_wconf 91' lang='lat' dir='ltr'><strong>cur</strong></span> <span class='ocrx_word' id='word_1_211' title='bbox 1648 2467 1681 2505; x_wconf 86' lang='lat' dir='ltr'><strong>a</strong></span> <span class='ocrx_word' id='word_1_212' title='bbox 1710 2467 1846 2506; x_wconf 80' lang='lat' dir='ltr'><strong>vero</strong></span> <span class='ocrx_word' id='word_1_213' title='bbox 1884 2467 2033 2527; x_wconf 75' lang='lat' dir='ltr'><strong>saepe</strong></span> <span class='ocrx_word' id='word_1_214' title='bbox 2062 2447 2341 2508; x_wconf 83' lang='lat' dir='ltr'><strong>delirent.</strong></span> <span class='ocrx_word' id='word_1_215' title='bbox 2378 2449 2551 2510; x_wconf 71' lang='lat' dir='ltr'><strong>Palam</strong></span> 
     </span>
     <span class='ocr_line' id='line_1_22' title="bbox 399 2551 2551 2636; baseline 0.001 -23"><span class='ocrx_word' id='word_1_216' title='bbox 399 2553 645 2636; x_wconf 75' lang='lat' dir='ltr'><strong>quidem</strong></span> <span class='ocrx_word' id='word_1_217' title='bbox 684 2551 806 2611; x_wconf 77' lang='lat' dir='ltr'><strong>haec</strong></span> <span class='ocrx_word' id='word_1_218' title='bbox 847 2563 982 2612; x_wconf 80' lang='lat' dir='ltr'><strong>sunt</strong></span> <span class='ocrx_word' id='word_1_219' title='bbox 1016 2572 1124 2632; x_wconf 90' lang='lat' dir='ltr'><strong>pro</strong></span> <span class='ocrx_word' id='word_1_220' title='bbox 1159 2551 1343 2612; x_wconf 77' lang='lat' dir='ltr'><strong>Asu-is</strong></span> <span class='ocrx_word' id='word_1_221' title='bbox 1365 2594 1383 2622; x_wconf 91' lang='lat'>,</span> <span class='ocrx_word' id='word_1_222' title='bbox 1428 2562 1487 2610; x_wconf 88' lang='lat' dir='ltr'><strong>et</strong></span> <span class='ocrx_word' id='word_1_223' title='bbox 1527 2571 1724 2610; x_wconf 83' lang='lat' dir='ltr'><strong>causas</strong></span> <span class='ocrx_word' id='word_1_224' title='bbox 1772 2553 1899 2632; x_wconf 87' lang='lat' dir='ltr'><strong>ipsa</strong></span> <span class='ocrx_word' id='word_1_225' title='bbox 1934 2565 2249 2615; x_wconf 81' lang='lat' dir='ltr'><strong>eventuum</strong></span> <span class='ocrx_word' id='word_1_226' title='bbox 2285 2579 2415 2618; x_wconf 74' lang='lat' dir='ltr'><strong>esse</strong></span> <span class='ocrx_word' id='word_1_227' title='bbox 2432 2605 2453 2632; x_wconf 84' lang='lat'>‚</span> <span class='ocrx_word' id='word_1_228' title='bbox 2496 2581 2551 2616; x_wconf 78' lang='lat' dir='ltr'><strong>ae</strong></span> 
     </span>
     <span class='ocr_line' id='line_1_23' title="bbox 401 2643 2551 2740; baseline 0.002 -20"><span class='ocrx_word' id='word_1_229' title='bbox 401 2679 664 2720; x_wconf 72' lang='lat' dir='ltr'><strong>movere.</strong></span> <span class='ocrx_word' id='word_1_230' title='bbox 695 2657 915 2718; x_wconf 81' lang='lat' dir='ltr'><strong>Tamen</strong></span> <span class='ocrx_word' id='word_1_231' title='bbox 943 2657 1160 2737; x_wconf 64' lang='lat' dir='ltr'><strong>nquius</strong></span> <span class='ocrx_word' id='word_1_232' title='bbox 1186 2656 1507 2736; x_wconf 71' lang='lat' dir='ltr'><strong>meliusque</strong></span> <span class='ocrx_word' id='word_1_233' title='bbox 1535 2655 1671 2716; x_wconf 90' lang='lat' dir='ltr'><strong>alibi</strong></span> <span class='ocrx_word' id='word_1_234' title='bbox 1702 2643 1939 2740; x_wconf 77' lang='lat' dir='ltr'><strong>ambigit</strong></span> <span class='ocrx_word' id='word_1_235' title='bbox 1959 2702 1977 2733; x_wconf 93' lang='lat'>,</span> <span class='ocrx_word' id='word_1_236' title='bbox 2013 2671 2072 2718; x_wconf 87' lang='lat' dir='ltr'><strong>et</strong></span> <span class='ocrx_word' id='word_1_237' title='bbox 2097 2665 2447 2724; x_wconf 78' lang='lat' dir='ltr'><strong>sententiam</strong></span> <span class='ocrx_word' id='word_1_238' title='bbox 2474 2667 2551 2724; x_wconf 80' lang='lat' dir='ltr'><strong>al-</strong></span> 
     </span>
     <span class='ocr_line' id='line_1_24' title="bbox 403 2759 2549 2845; baseline 0.003 -20"><span class='ocrx_word' id='word_1_239' title='bbox 403 2777 603 2825; x_wconf 80' lang='lat' dir='ltr'><strong>’temat</strong></span> <span class='ocrx_word' id='word_1_240' title='bbox 631 2759 849 2845; x_wconf 82' lang='lat' dir='ltr'><strong>(Epist.</strong></span> <span class='ocrx_word' id='word_1_241' title='bbox 881 2759 1184 2842; x_wconf 75' lang='lat' dir='ltr'><strong>Lxxxvm)</strong></span> <span class='ocrx_word' id='word_1_242' title='bbox 1213 2783 1232 2820; x_wconf 71' lang='grc' dir='ltr'><em>ε</em></span> <span class='ocrx_word' id='word_1_243' title='bbox 1268 2787 1296 2813; x_wconf 72' lang='grc' dir='ltr'><strong>«ι</strong></span> <span class='ocrx_word' id='word_1_244' title='bbox 1317 2759 1515 2821; x_wconf 83' lang='lat' dir='ltr'><strong>Sidera</strong></span> <span class='ocrx_word' id='word_1_245' title='bbox 1546 2762 1779 2822; x_wconf 79' lang='lat' dir='ltr'><strong>effectus</strong></span> <span class='ocrx_word' id='word_1_246' title='bbox 1804 2784 1997 2822; x_wconf 86' lang='lat' dir='ltr'><strong>rerum</strong></span> <span class='ocrx_word' id='word_1_247' title='bbox 2026 2766 2289 2826; x_wconf 80' lang='lat' dir='ltr'><strong>omnium</strong></span> <span class='ocrx_word' id='word_1_248' title='bbox 2314 2783 2413 2829; x_wconf 84' lang='lat' dir='ltr'><strong>aut</strong></span> <span class='ocrx_word' id='word_1_249' title='bbox 2434 2793 2549 2830; x_wconf 86' lang='lat' dir='ltr'><strong>mo—</strong></span> 
     </span>
     <span class='ocr_line' id='line_1_25' title="bbox 408 2867 2547 2958; baseline 0.001 -25"><span class='ocrx_word' id='word_1_250' title='bbox 408 2885 588 2947; x_wconf 63' lang='lat' dir='ltr'><strong>vent,</strong></span> <span class='ocrx_word' id='word_1_251' title='bbox 622 2882 722 2931; x_wconf 88' lang='lat' dir='ltr'><strong>aut</strong></span> <span class='ocrx_word' id='word_1_252' title='bbox 749 2881 970 2930; x_wconf 84' lang='lat' dir='ltr'><strong>notant.</strong></span> <span class='ocrx_word' id='word_1_253' title='bbox 1003 2894 1031 2922; x_wconf 70' lang='grc' dir='ltr'><strong>ιι</strong></span> <span class='ocrx_word' id='word_1_254' title='bbox 1069 2867 1230 2928; x_wconf 89' lang='lat' dir='ltr'><strong>Bene</strong></span> <span class='ocrx_word' id='word_1_255' title='bbox 1272 2867 1349 2927; x_wconf 90' lang='lat' dir='ltr'><strong>de</strong></span> <span class='ocrx_word' id='word_1_256' title='bbox 1387 2869 1677 2928; x_wconf 77' lang='lat' dir='ltr'><strong>notatione</strong></span> <span class='ocrx_word' id='word_1_257' title='bbox 1710 2881 1931 2929; x_wconf 86' lang='lat' dir='ltr'><strong>tantum</strong></span> <span class='ocrx_word' id='word_1_258' title='bbox 1957 2912 1975 2942; x_wconf 86' lang='lat'><strong>‚</strong></span> <span class='ocrx_word' id='word_1_259' title='bbox 2024 2883 2083 2930; x_wconf 89' lang='lat' dir='ltr'><strong>et</strong></span> <span class='ocrx_word' id='word_1_260' title='bbox 2123 2871 2237 2932; x_wconf 90' lang='lat' dir='ltr'><strong>boc</strong></span> <span class='ocrx_word' id='word_1_261' title='bbox 2284 2887 2376 2935; x_wconf 69' lang='lat' dir='ltr'><strong>est</strong></span> <span class='ocrx_word' id='word_1_262' title='bbox 2410 2877 2547 2958; x_wconf 80' lang='lat' dir='ltr'><strong>qnod</strong></span> 
     </span>
     <span class='ocr_line' id='line_1_26' title="bbox 417 2973 2551 3057; baseline 0 -17"><span class='ocrx_word' id='word_1_263' title='bbox 417 2999 640 3039; x_wconf 78' lang='lat' dir='ltr'><strong>monere</strong></span> <span class='ocrx_word' id='word_1_264' title='bbox 667 2977 948 3038; x_wconf 83' lang='lat' dir='ltr'><strong>dicebam.</strong></span> <span class='ocrx_word' id='word_1_265' title='bbox 971 2973 1318 3056; x_wconf 73' lang='lat' dir='ltr'><strong>›Significare</strong></span> <span class='ocrx_word' id='word_1_266' title='bbox 1342 2973 1559 3054; x_wconf 87' lang='lat' dir='ltr'><strong>aliquid</strong></span> <span class='ocrx_word' id='word_1_267' title='bbox 1590 2987 1825 3054; x_wconf 87' lang='lat' dir='ltr'><strong>possunt</strong></span> <span class='ocrx_word' id='word_1_268' title='bbox 1850 2996 1923 3034; x_wconf 83' lang='lat' dir='ltr'><strong>ex</strong></span> <span class='ocrx_word' id='word_1_269' title='bbox 1948 2973 2091 3035; x_wconf 85' lang='lat' dir='ltr'><strong>Fato</strong></span> <span class='ocrx_word' id='word_1_270' title='bbox 2114 2976 2379 3040; x_wconf 81' lang='lat' dir='ltr'><strong>futurum</strong></span> <span class='ocrx_word' id='word_1_271' title='bbox 2400 3027 2418 3057; x_wconf 91' lang='lat'>,</span> <span class='ocrx_word' id='word_1_272' title='bbox 2447 3003 2551 3040; x_wconf 81' lang='lat' dir='ltr'><strong>non</strong></span> 
     </span>
     <span class='ocr_line' id='line_1_27' title="bbox 409 3079 2275 3168; baseline -0.001 -25"><span class='ocrx_word' id='word_1_273' title='bbox 409 3087 544 3168; x_wconf 70' lang='lat' dir='ltr'><strong>ipsa</strong></span> <span class='ocrx_word' id='word_1_274' title='bbox 571 3096 705 3145; x_wconf 85' lang='lat' dir='ltr'><strong>sunt</strong></span> <span class='ocrx_word' id='word_1_275' title='bbox 727 3127 744 3159; x_wconf 92' lang='lat'>,</span> <span class='ocrx_word' id='word_1_276' title='bbox 775 3095 875 3142; x_wconf 84' lang='lat' dir='ltr'><strong>aut</strong></span> <span class='ocrx_word' id='word_1_277' title='bbox 903 3079 1120 3142; x_wconf 78' lang='lat' dir='ltr'><strong>faciunt</strong></span> <span class='ocrx_word' id='word_1_278' title='bbox 1144 3079 1370 3140; x_wconf 81' lang='lat' dir='ltr'><strong>Fatum.</strong></span> <span class='ocrx_word' id='word_1_279' title='bbox 1404 3081 1603 3160; x_wconf 78' lang='lat' dir='ltr'><strong>Itaque</strong></span> <span class='ocrx_word' id='word_1_280' title='bbox 1628 3079 1851 3140; x_wconf 80' lang='lat' dir='ltr'><strong>Manilii</strong></span> <span class='ocrx_word' id='word_1_281' title='bbox 1884 3080 1991 3142; x_wconf 88' lang='lat' dir='ltr'><strong>hoc</strong></span> <span class='ocrx_word' id='word_1_282' title='bbox 2024 3083 2235 3144; x_wconf 69' lang='lat' dir='ltr'><strong>toleroe</strong></span> <span class='ocrx_word' id='word_1_283' title='bbox 2256 3109 2275 3142; x_wconf 69' lang='grc' dir='ltr'>ε</span> 
     </span>
    </p>
   </div>
   <div class='ocr_carea' id='block_1_5' title="bbox 427 3199 1787 3446">
    <p class='ocr_par' dir='ltr' id='par_1_5' title="bbox 427 3199 1787 3446">
     <span class='ocr_line' id='line_1_28' title="bbox 1234 3199 1787 3253; baseline -0.002 -1"><span class='ocrx_word' id='word_1_284' title='bbox 1234 3235 1448 3253; x_wconf 89' lang='grc'><strong>.......</strong></span> <span class='ocrx_word' id='word_1_285' title='bbox 1472 3199 1666 3251; x_wconf 83' lang='lat' dir='ltr'><strong>conscia</strong></span> <span class='ocrx_word' id='word_1_286' title='bbox 1682 3201 1787 3252; x_wconf 71' lang='lat' dir='ltr'><strong>Fati</strong></span> 
     </span>
     <span class='ocr_line' id='line_1_29' title="bbox 933 3292 1155 3346; baseline -0.009 0"><span class='ocrx_word' id='word_1_287' title='bbox 933 3292 1117 3346; x_wconf 66' lang='lat' dir='ltr'><strong>Sidera</strong></span> <span class='ocrx_word' id='word_1_288' title='bbox 1141 3313 1155 3344; x_wconf 70' lang='grc' dir='ltr'>ι</span> 
     </span>
     <span class='ocr_line' id='line_1_30' title="bbox 427 3369 851 3446; baseline 0 -14"><span class='ocrx_word' id='word_1_289' title='bbox 427 3369 578 3432; x_wconf 77' lang='lat' dir='ltr'><strong>Illud</strong></span> <span class='ocrx_word' id='word_1_290' title='bbox 602 3371 814 3432; x_wconf 84' lang='lat' dir='ltr'><strong>nollem</strong></span> <span class='ocrx_word' id='word_1_291' title='bbox 830 3411 851 3446; x_wconf 82' lang='lat'>,</span> 
     </span>
    </p>
   </div>
   <div class='ocr_carea' id='block_1_6' title="bbox 959 3452 2107 3512">
    <p class='ocr_par' dir='ltr' id='par_1_6' title="bbox 959 3452 2107 3512">
     <span class='ocr_line' id='line_1_31' title="bbox 959 3452 2107 3512; baseline 0.002 -4"><span class='ocrx_word' id='word_1_292' title='bbox 959 3491 1172 3509; x_wconf 88' lang='grc'><strong>.......</strong></span> <span class='ocrx_word' id='word_1_293' title='bbox 1194 3452 1411 3506; x_wconf 77' lang='lat' dir='ltr'><strong>diversos</strong></span> <span class='ocrx_word' id='word_1_294' title='bbox 1424 3455 1682 3510; x_wconf 84' lang='lat' dir='ltr'><strong>homiuum</strong></span> <span class='ocrx_word' id='word_1_295' title='bbox 1703 3459 1934 3510; x_wconf 75' lang='lat' dir='ltr'><strong>variantia</strong></span> <span class='ocrx_word' id='word_1_296' title='bbox 1950 3477 2107 3512; x_wconf 70' lang='lat' dir='ltr'><strong>mm.</strong></span> 
     </span>
    </p>
   </div>
   <div class='ocr_carea' id='block_1_7' title="bbox 422 3573 2537 4092">
    <p class='ocr_par' dir='ltr' id='par_1_7' title="bbox 422 3573 2537 4092">
     <span class='ocr_line' id='line_1_32' title="bbox 425 3573 2537 3658; baseline 0.004 -24"><span class='ocrx_word' id='word_1_297' title='bbox 425 3573 613 3658; x_wconf 81' lang='lat' dir='ltr'><strong>Magis</strong></span> <span class='ocrx_word' id='word_1_298' title='bbox 656 3574 809 3633; x_wconf 87' lang='lat' dir='ltr'><strong>enim</strong></span> <span class='ocrx_word' id='word_1_299' title='bbox 835 3574 911 3633; x_wconf 89' lang='lat' dir='ltr'><strong>sit</strong></span> <span class='ocrx_word' id='word_1_300' title='bbox 928 3615 947 3648; x_wconf 83' lang='lat'>,</span> <span class='ocrx_word' id='word_1_301' title='bbox 983 3599 1011 3626; x_wconf 70' lang='grc' dir='ltr'><strong>ιι</strong></span> <span class='ocrx_word' id='word_1_302' title='bbox 1039 3573 1359 3655; x_wconf 82' lang='lat' dir='ltr'><strong>significare</strong></span> <span class='ocrx_word' id='word_1_303' title='bbox 1388 3575 1494 3634; x_wconf 78' lang='lat' dir='ltr'><strong>ista</strong></span> <span class='ocrx_word' id='word_1_304' title='bbox 1518 3595 1691 3656; x_wconf 84' lang='lat' dir='ltr'><strong>quam</strong></span> <span class='ocrx_word' id='word_1_305' title='bbox 1718 3573 1907 3637; x_wconf 83' lang='lat' dir='ltr'><strong>facere</strong></span> <span class='ocrx_word' id='word_1_306' title='bbox 1925 3621 1943 3652; x_wconf 90' lang='lat'>,</span> <span class='ocrx_word' id='word_1_307' title='bbox 1972 3604 2001 3631; x_wconf 82' lang='lat'>»</span> <span class='ocrx_word' id='word_1_308' title='bbox 2036 3591 2095 3637; x_wconf 84' lang='lat' dir='ltr'><strong>et</strong></span> <span class='ocrx_word' id='word_1_309' title='bbox 2122 3575 2335 3640; x_wconf 84' lang='lat' dir='ltr'><strong>Plotini</strong></span> <span class='ocrx_word' id='word_1_310' title='bbox 2362 3583 2537 3642; x_wconf 79' lang='lat' dir='ltr'><strong>mode·-</strong></span> 
     </span>
     <span class='ocr_line' id='line_1_33' title="bbox 422 3675 2527 3762; baseline 0.002 -18"><span class='ocrx_word' id='word_1_311' title='bbox 422 3685 563 3744; x_wconf 86' lang='lat' dir='ltr'><strong>stior</strong></span> <span class='ocrx_word' id='word_1_312' title='bbox 595 3681 829 3741; x_wconf 84' lang='lat' dir='ltr'><strong>assertio</strong></span> <span class='ocrx_word' id='word_1_313' title='bbox 865 3703 883 3740; x_wconf 72' lang='lat' dir='ltr'><strong>t</strong></span> <span class='ocrx_word' id='word_1_314' title='bbox 922 3675 952 3734; x_wconf 70' lang='lat' dir='ltr'><strong>ei</strong></span> <span class='ocrx_word' id='word_1_315' title='bbox 980 3677 1137 3740; x_wconf 83' lang='lat' dir='ltr'><strong>Nihil</strong></span> <span class='ocrx_word' id='word_1_316' title='bbox 1165 3682 1224 3740; x_wconf 80' lang='lat' dir='ltr'><strong>vi</strong></span> <span class='ocrx_word' id='word_1_317' title='bbox 1261 3679 1354 3740; x_wconf 88' lang='lat' dir='ltr'><strong>vel</strong></span> <span class='ocrx_word' id='word_1_318' title='bbox 1389 3692 1665 3762; x_wconf 86' lang='lat' dir='ltr'><strong>potestate</strong></span> <span class='ocrx_word' id='word_1_319' title='bbox 1698 3703 1894 3742; x_wconf 89' lang='lat' dir='ltr'><strong>eorum</strong></span> <span class='ocrx_word' id='word_1_320' title='bbox 1930 3681 2261 3746; x_wconf 88' lang='lat' dir='ltr'><strong>bominibus</strong></span> <span class='ocrx_word' id='word_1_321' title='bbox 2300 3690 2527 3755; x_wconf 80' lang='lat' dir='ltr'><strong>evenire.</strong></span> 
     </span>
     <span class='ocr_line' id='line_1_34' title="bbox 426 3787 2529 3874; baseline 0.002 -24"><span class='ocrx_word' id='word_1_322' title='bbox 426 3790 529 3852; x_wconf 88' lang='lat' dir='ltr'><strong>sed</strong></span> <span class='ocrx_word' id='word_1_323' title='bbox 568 3812 667 3865; x_wconf 87' lang='lat' dir='ltr'><strong>ea,</strong></span> <span class='ocrx_word' id='word_1_324' title='bbox 714 3809 838 3870; x_wconf 74' lang='lat' dir='ltr'><strong>quae</strong></span> <span class='ocrx_word' id='word_1_325' title='bbox 877 3787 1108 3848; x_wconf 89' lang='lat' dir='ltr'><strong>Decreti</strong></span> <span class='ocrx_word' id='word_1_326' title='bbox 1147 3789 1452 3848; x_wconf 81' lang='lat' dir='ltr'><strong>necessitas</strong></span> <span class='ocrx_word' id='word_1_327' title='bbox 1484 3790 1544 3848; x_wconf 88' lang='lat' dir='ltr'><strong>in</strong></span> <span class='ocrx_word' id='word_1_328' title='bbox 1570 3789 1826 3871; x_wconf 78' lang='lat' dir='ltr'><strong>singulos</strong></span> <span class='ocrx_word' id='word_1_329' title='bbox 1858 3791 2043 3851; x_wconf 82' lang='lat' dir='ltr'><strong>sancit</strong></span> <span class='ocrx_word' id='word_1_330' title='bbox 2062 3833 2081 3863; x_wconf 83' lang='lat'>‚</span> <span class='ocrx_word' id='word_1_331' title='bbox 2112 3792 2195 3851; x_wconf 77' lang='lat' dir='ltr'><strong>ita</strong></span> <span class='ocrx_word' id='word_1_332' title='bbox 2228 3815 2335 3874; x_wconf 86' lang='lat' dir='ltr'><strong>per</strong></span> <span class='ocrx_word' id='word_1_333' title='bbox 2362 3793 2529 3854; x_wconf 77' lang='lat' dir='ltr'><strong>horum</strong></span> 
     </span>
     <span class='ocr_line' id='line_1_35' title="bbox 427 3893 2529 3977; baseline 0.004 -23"><span class='ocrx_word' id='word_1_334' title='bbox 427 3909 646 3977; x_wconf 83' lang='lat' dir='ltr'><strong>septem</strong></span> <span class='ocrx_word' id='word_1_335' title='bbox 678 3893 1112 3977; x_wconf 77' lang='lat' dir='ltr'><strong>(planetarum)</strong></span> <span class='ocrx_word' id='word_1_336' title='bbox 1144 3896 1445 3955; x_wconf 83' lang='lat' dir='ltr'><strong>transitum</strong></span> <span class='ocrx_word' id='word_1_337' title='bbox 1464 3939 1481 3971; x_wconf 92' lang='lat'>,</span> <span class='ocrx_word' id='word_1_338' title='bbox 1518 3898 1761 3956; x_wconf 85' lang='lat' dir='ltr'><strong>statione</strong></span> <span class='ocrx_word' id='word_1_339' title='bbox 1791 3919 2089 3958; x_wconf 77' lang='lat' dir='ltr'><strong>recessuve</strong></span> <span class='ocrx_word' id='word_1_340' title='bbox 2128 3905 2421 3962; x_wconf 77' lang='lat' dir='ltr'><strong>monstrari</strong></span> <span class='ocrx_word' id='word_1_341' title='bbox 2442 3927 2457 3972; x_wconf 68' lang='grc' dir='ltr'><strong>ς</strong></span> <span class='ocrx_word' id='word_1_342' title='bbox 2480 3917 2529 3961; x_wconf 74' lang='lat' dir='ltr'><strong>ut</strong></span> 
     </span>
     <span class='ocr_line' id='line_1_36' title="bbox 430 4000 2527 4092; baseline 0.003 -32"><span class='ocrx_word' id='word_1_343' title='bbox 430 4023 564 4062; x_wconf 83' lang='lat' dir='ltr'><strong>aves</strong></span> <span class='ocrx_word' id='word_1_344' title='bbox 591 4000 1036 4084; x_wconf 80' lang='lat' dir='ltr'><strong>praetervolando</strong></span> <span class='ocrx_word' id='word_1_345' title='bbox 1055 4043 1072 4075; x_wconf 89' lang='lat'><strong>,</strong></span> <span class='ocrx_word' id='word_1_346' title='bbox 1101 4021 1203 4062; x_wconf 86' lang='lat' dir='ltr'><strong>seu</strong></span> <span class='ocrx_word' id='word_1_347' title='bbox 1232 4001 1435 4062; x_wconf 73' lang='lat' dir='ltr'><strong>stando</strong></span> <span class='ocrx_word' id='word_1_348' title='bbox 1455 4046 1472 4078; x_wconf 88' lang='lat'>,</span> <span class='ocrx_word' id='word_1_349' title='bbox 1504 4001 1694 4064; x_wconf 82' lang='lat' dir='ltr'><strong>futura</strong></span> <span class='ocrx_word' id='word_1_350' title='bbox 1727 4007 1931 4085; x_wconf 86' lang='lat' dir='ltr'><strong>pennis</strong></span> <span class='ocrx_word' id='word_1_351' title='bbox 1960 4007 2049 4067; x_wconf 83' lang='lat' dir='ltr'><strong>vel</strong></span> <span class='ocrx_word' id='word_1_352' title='bbox 2080 4029 2223 4068; x_wconf 73' lang='lat' dir='ltr'><strong>voce</strong></span> <span class='ocrx_word' id='word_1_353' title='bbox 2248 4009 2527 4092; x_wconf 76' lang='lat' dir='ltr'><strong>significant</strong></span> 
     </span>
    </p>
   </div>
  </div>
 </body>
</html>
