2667 4475
294 296 376 367 70
567 230 582 241 ’
867 270 952 337 L.
1003 267 1369 339 ANNAE1
1416 268 1856 338 SENECAE

287 398 684 471 collocatum
718 415 844 469 est.
899 400 1094 469 Vidit
1121 400 1307 469 enim
1336 421 1570 469 veram
1599 398 1865 485 lucem,
1906 422 2047 469 non
2090 400 2224 469 fuit
2264 422 2455 471 unus

207 542 237 594 ⁵
289 542 330 588 e
361 518 592 587 multis
619 518 640 554 ¹
693 540 712 586 1
755 531 826 586 et
869 515 1128 599 vixit⁸‚
1181 532 1253 585 et
1289 516 1511 611 viguit
1544 541 1561 585 t
1595 514 1967 610 aliquando
2001 541 2248 587 sereno
2278 542 2457 587 usus

289 650 430 722 est3
460 631 826 727 aliquando
846 685 867 719 ‚
901 648 980 701 ut
1005 632 1173 703 solet
1193 684 1214 717 ‚
1253 632 1463 703 validi
1500 630 1747 703 sideris
1780 634 2007 727 fulgor
2041 658 2174 730 per
2206 632 2457 705 nubila

233 843 239 849 ἡ
291 750 592 819 emicuit.
633 747 826 844 Quid
862 750 1152 844 qum-is,
1201 739 1533 843 quamdiu
1564 750 1868 819 vixerit?
1900 750 2069 821 vixit
2102 778 2120 820 ε
2150 748 2242 819 ad
2280 774 2453 845 pos-

292 881 472 934 teros
515 888 734 959 usque
781 866 1152 935 transilivit
1195 879 1266 934 et
1315 889 1390 934 se
1431 866 1507 933 in
1542 866 1935 935 memoriam
1972 864 2191 935 dedit.

387 984 535 1051 Nec
567 981 724 1052 ideo
747 984 920 1051 mihi
943 984 1179 1079 plures
1202 1004 1420 1052 annos
1450 978 1781 1052 accedere
1812 984 2313 1072 recusaverim3
2350 984 2459 1051 ni·-

294 1096 398 1165 hil
430 1111 658 1165 tamen
681 1092 892 1166 mihi³
929 1096 1018 1167 ad
1053 1096 1321 1167 beatam
1350 1099 1559 1168 vitam
1578 1095 1877 1167 defuisse
1912 1095 2133 1167 dicam
2156 1149 2181 1185 ,
2210 1100 2269 1167 si
2290 1122 2459 1193 spa-

297 1214 471 1282 tium
504 1216 654 1307 ejus
688 1214 1042 1285 inciditur.
1087 1218 1244 1288 Non
1279 1216 1464 1286 enim
1498 1214 1590 1284 ad
1622 1240 1783 1285 eum
1820 1214 2006 1285 diem
2039 1239 2148 1285 me
2187 1216 2454 1309 aptavi,

300 1355 508 1425 quem
565 1331 878 1401 ultimum
917 1332 1087 1401 mihi
1123 1356 1280 1429 spes
1311 1333 1510 1402 avida
1544 1333 1985 1426 promiserat3
2024 1331 2149 1401 sed
2187 1330 2463 1401 nullum

222 1466 258 1520 6
303 1473 442 1518 11011
508 1464 833 1543 tanquam
885 1452 1202 1521 ultimum
1257 1450 1514 1545 aspexi.
1592 1448 1787 1543 Quid
1837 1472 1949 1517 me
2016 1450 2409 1543 interrogas
2432 1498 2455 1533 ,

303 1566 579 1660 quando
629 1582 832 1637 natus
883 1570 1067 1638 sim?
1116 1592 1206 1635 an
1253 1568 1442 1636 inter
1483 1565 1797 1661 juniores
1838 1566 2068 1635 adhuc
2112 1591 2400 1636 censear
2432 1568 2469 1636 i>

303 1682 539 1750 Habeo
575 1676 876 1751 meum⁴.
917 1679 1519 1775 Quemadmodum
1563 1682 1636 1748 in
1682 1682 1946 1751 minore
1982 1684 2289 1775 corporis
2326 1680 2464 1749 ha-

303 1794 457 1863 bitu
490 1810 715 1889 potest
752 1795 956 1877 homo
993 1820 1141 1866 esse
1181 1796 1570 1892 perfectus3
1613 1796 1713 1863 sie
1759 1810 1829 1863 et
1874 1795 1949 1862 in
1980 1797 2247 1864 minore
2280 1810 2465 1865 tem-

307 1913 497 2006 poris
531 1910 732 1982 modo
766 1928 987 2006 potest
1016 1915 1154 1985 vita
1190 1936 1336 1983 esse
1362 1912 1694 2007 perfecta.
1742 1912 1928 1981 AEtas
1965 1913 2149 1983 inter
2182 1928 2476 1983 externa

310 2043 414 2101 est
437 2020 491 2095 ⁵.
553 2026 904 2121 Quamdiu
939 2029 1062 2105 sim
1087 2078 1107 2111 ,
1146 2027 1447 2099 alienum
1481 2043 1585 2096 est
1622 2024 1653 2095 ’1
1702 2026 2031 2122 quamdiu
2063 2050 2227 2097 vero
2264 2052 2421 2097 sum
2438 2078 2468 2116 ,

310 2147 418 2215 vir
442 2145 666 2213 bonus
699 2160 778 2213 ut
811 2146 938 2214 sim
962 2194 982 2228 ,
1021 2158 1244 2214 meum
1288 2160 1392 2214 est
1414 2136 1468 2212 ⁶.
1502 2146 1651 2221 Hoc
1676 2168 1718 2211 a
1744 2168 1853 2213 me
1878 2145 2073 2238 exige
2094 2194 2113 2229 ,
2156 2167 2244 2213 ne
2275 2144 2479 2214 velut

308 2287 440 2357 per
485 2263 804 2334 tenebras
847 2287 1060 2332 aevum
1110 2262 1419 2358 ignobile
1466 2263 1751 2331 emetiar
1768 2288 1790 2352 3
1840 2279 1919 2331 ut
1962 2287 2162 2356 agam
2195 2265 2412 2333 vitam
2447 2315 2469 2348 ,

312 2405 452 2449 non
477 2396 555 2450 ut
587 2381 1071 2474 praetervehar.
1175 2361 1180 2366 ¹

411 2495 688 2590 Quaeris
710 2548 729 2580 ,
785 2494 973 2590 quod
1021 2497 1107 2566 sit
1138 2495 1627 2588 amplissimum
1662 2495 1820 2564 vitae
1858 2495 2202 2588 spatium?
2234 2497 2483 2589 Usque

239 2649 265 2699 7
316 2614 407 2683 ad
457 2616 872 2707 Sapientiam
917 2609 1193 2682 vivere!
1251 2611 1395 2706 Qui
1448 2608 1541 2680 ad
1584 2611 1771 2680 illam
1817 2613 2179 2704 pervenit,
2240 2615 2485 2709 attigit

317 2757 454 2802 non
490 2729 958 2826 longissimum
991 2731 1236 2816 finem,
1271 2729 1396 2798 sed
1420 2729 1811 2797 maximum.
1849 2729 1976 2798 Ille
2009 2753 2174 2799 vero
2210 2731 2482 2826 glorie-

267 2897 276 2906 ·
322 2864 434 2917 tur
473 2847 820 2928 audacter,
880 2860 950 2913 et
979 2846 1129 2914 Diis
1171 2860 1328 2941 agat
1376 2846 1672 2938 gratias;
1710 2845 2029 2940 interque
2066 2869 2181 2914 eos
2227 2847 2355 2915 sibi
2408 2866 2489 2918 et

323 3087 431 3161 prie
465 3107 576 3142 non
603 3087 704 3141 ruit
721 3106 868 3155 vera,
891 3087 981 3140 sed
1005 3105 1118 3158 quae
1140 3085 1355 3140 arbori·-

323 3169 418 3222 bus
447 3181 520 3220 est
541 3184 556 3220 ε
581 3165 686 3237 jam
714 3179 830 3220 ante
857 3185 964 3220 esse
991 3167 1168 3233 desiit,
1196 3185 1353 3238 quam

326 3258 492 3306 morte
517 3245 744 3300 sublatus
771 3257 859 3300 est.
881 3245 1064 3299 Ruhk.

399 3347 442 3379 1.
474 3325 600 3380 Non
610 3326 733 3398 suit
767 3345 904 3377 unus
938 3343 968 3377 e
1003 3325 1206 3377 multis.
1246 3325 1355 3384 lnt.

1450 3094 1694 3140 tamem...
1720 3089 1982 3141 inciditur.
2006 3087 2248 3162 Spectant
2267 3087 2381 3143 hee
2413 3092 2489 3144 ad

1450 3164 1641 3239 dogma
1680 3165 1933 3230 stoicum,
1966 3166 2108 3238 quod
2148 3165 2331 3240 saepius
2370 3167 2489 3240 jam

1449 3243 1704 3310 vidimus,
1732 3243 1889 3296 vitam
1922 3243 2122 3296 beatam
2162 3263 2272 3298 non
2310 3247 2491 3322 magis

1450 3321 1649 3390 intendi
1676 3341 1831 3393 quam
1866 3322 2104 3375 virtutem
2124 3361 2139 3386 ,
2179 3323 2319 3376 unde
2341 3323 2487 3380 oria-

327 3424 460 3459 unus
479 3443 495 3470 ,
548 3416 608 3457 ut
642 3417 745 3457 tam
781 3402 930 3458 multi
966 3413 1112 3471 sunt,
1153 3421 1286 3456 unus
1323 3422 1351 3455 e

329 3501 482 3558 grege
509 3479 796 3546 bominum.

337 3563 342 3568 ’
397 3583 444 3614 2.
459 3562 536 3616 Et
553 3564 713 3615 vixit.
730 3563 860 3616 Ante
877 3559 987 3615 bec
1003 3559 1158 3614 verba
1173 3597 1188 3626 ‚
1206 3572 1256 3612 et
1269 3557 1355 3612 Li-

331 3640 470 3718 psius
493 3653 541 3692 et
557 3639 732 3692 Ruhk.
753 3639 948 3702 addunt
966 3649 1020 3692 et
1034 3641 1166 3692 vivit
1180 3656 1197 3691 .·
1213 3655 1355 3690 nune

332 3719 391 3772 in
431 3718 553 3772 caelo
571 3757 585 3784 ,
625 3719 696 3772 ait
734 3718 960 3792 Lipsius,
1005 3737 1065 3771 ac
1105 3715 1240 3770 male
1273 3713 1354 3768 he

332 3817 484 3852 voees
513 3817 544 3850 a
575 3796 796 3870 vulgatis
829 3795 1068 3849 exsulant.
1103 3795 1356 3848 Miramur

335 3876 508 3931 Schw.
526 3877 582 3929 in
597 3875 781 3929 criticis
799 3876 933 3931 notis
953 3875 1016 3928 de
1033 3875 1132 3928 hoc
1147 3873 1355 3928 siiuisse.

402 3958 450 4010 3.
485 3957 641 4012 Nihil
661 3967 836 4009 tamen
858 3953 988 4009 mnu·
1001 3991 1017 4020 ‚
1035 3973 1087 4007 a.
1117 3975 1160 4009 c.
1184 3952 1259 4007 R.
1281 3955 1356 4008 A.

338 4034 525 4088 Aberat
559 4033 715 4106 vulgo
755 4033 902 4088 mihi.
935 4031 1094 4088 Schm
1121 4061 1186 4073 —-
1204 4031 1361 4086 Nilu'l

1450 3413 1550 3466 tur,
1575 3421 1619 3452 e.
1642 3421 1684 3454 c.
1709 3401 1803 3474 Ep.
1823 3414 1941 3454 xcn
1959 3440 1974 3468 ,
2005 3420 2084 3453 22.
2110 3399 2297 3452 Ruhk.

1516 3482 1565 3546 4.
1589 3481 1774 3534 Habeo
1790 3499 1983 3533 meum.
2004 3479 2066 3532 ld
2091 3479 2233 3551 quod
2252 3476 2385 3533 11111ιί
2407 3501 2493 3534 ss-

1449 3561 1705 3634 signatum
1730 3574 1782 3612 et
1802 3560 1855 3612 in
1876 3569 2117 3632 potestate
2148 3579 2262 3613 mea
2285 3573 2375 3617 cst.
2410 3561 2491 3614 R.

1518 3641 1565 3692 5.
1586 3639 1761 3693 AEtas
1783 3641 1919 3692 inter
1937 3647 2157 3693 externa
2184 3649 2277 3692 est.
2298 3637 2341 3692 Ῐ.
2368 3641 2495 3694 for-

1450 3717 1595 3784 tuita,
1622 3717 1909 3788 commoda,
1928 3717 2195 3786 sumenda,
2213 3719 2491 3792 producta,
2512 3765 2519 3768 ,

1452 3799 1736 3868 προηγμένα.
1758 3795 1941 3849 Ruhlc.

1519 3875 1569 3930 6.
1598 3876 1873 3948 Quamdiu
1896 3896 2017 3930 vero
2035 3887 2181 3939 su‘m,
2206 3877 2295 3928 vir
2316 3875 2494 3931 bonus

1453 3965 1514 4008 ut
1528 3959 1633 4009 sim
1644 3993 1659 4021 ,
1680 3973 1851 4009 meum
1866 3967 1960 4010 est.
1979 3955 2287 4030 Scripturam
2302 3953 2447 4010 banc
2464 3977 2496 4010 e

1454 4031 1648 4088 duabus
1692 4033 1805 4087 aliis
1846 4033 2124 4108 composui.
2158 4031 2331 4085 Nimis
2361 4053 2497 4092 con·
