<?xml version="1.0" encoding="UTF-8"?>
<!DOCTYPE html PUBLIC "-//W3C//DTD XHTML 1.0 Transitional//EN"
    "http://www.w3.org/TR/xhtml1/DTD/xhtml1-transitional.dtd">
<html xmlns="http://www.w3.org/1999/xhtml" xml:lang="en" lang="en">
 <head>
  <title>
</title>
<meta http-equiv="Content-Type" content="text/html;charset=utf-8" />
  <meta name='ocr-system' content='tesseract 3.04.00' />
  <meta name='ocr-capabilities' content='ocr_page ocr_carea ocr_par ocr_line ocrx_word'/>
</head>
<body>
  <div class='ocr_page' id='page_1' title='image "./lannaeisenecaeo04bouigoog_0370.png"; bbox 0 0 2667 4475; ppageno 0'>
   <div class='ocr_carea' id='block_1_1' title="bbox 736 330 2287 428">
    <p class='ocr_par' dir='ltr' id='par_1_1' title="bbox 736 330 2287 428">
     <span class='ocr_line' id='line_1_1' title="bbox 736 330 2287 428; baseline 0.001 -26"><span class='ocrx_word' id='word_1_1' title='bbox 736 330 1267 403; x_wconf 83' lang='lat' dir='ltr'><strong>EPISTOLA</strong></span> <span class='ocrx_word' id='word_1_2' title='bbox 1315 332 1690 428; x_wconf 75' lang='lat' dir='ltr'>cxxw.</span> <span class='ocrx_word' id='word_1_3' title='bbox 1931 342 1934 345; x_wconf 45' lang='lat'><strong>⁴</strong></span> <span class='ocrx_word' id='word_1_4' title='bbox 2159 338 2287 405; x_wconf 80' lang='lat'>365</span> 
     </span>
    </p>
   </div>
   <div class='ocr_carea' id='block_1_2' title="bbox 116 460 2293 2872">
    <p class='ocr_par' dir='ltr' id='par_1_2' title="bbox 116 460 2290 793">
     <span class='ocr_line' id='line_1_2' title="bbox 116 460 2284 556; baseline -0.001 -20"><span class='ocrx_word' id='word_1_5' title='bbox 116 460 405 537; x_wconf 74' lang='lat' dir='ltr'>b&#39;imms</span> <span class='ocrx_word' id='word_1_6' title='bbox 424 469 443 501; x_wconf 84' lang='lat'><strong>¹</strong></span> <span class='ocrx_word' id='word_1_7' title='bbox 476 463 633 534; x_wconf 84' lang='lat' dir='ltr'>solis</span> <span class='ocrx_word' id='word_1_8' title='bbox 658 463 1063 555; x_wconf 79' lang='lat' dir='ltr'>contingunt</span> <span class='ocrx_word' id='word_1_9' title='bbox 1085 512 1104 545; x_wconf 92' lang='lat'>,</span> <span class='ocrx_word' id='word_1_10' title='bbox 1137 462 1387 553; x_wconf 88' lang='lat' dir='ltr'>quibus</span> <span class='ocrx_word' id='word_1_11' title='bbox 1413 461 1642 531; x_wconf 83' lang='lat' dir='ltr'>datum</span> <span class='ocrx_word' id='word_1_12' title='bbox 1669 476 1772 531; x_wconf 84' lang='lat' dir='ltr'>est</span> <span class='ocrx_word' id='word_1_13' title='bbox 1791 464 1965 530; x_wconf 83' lang='lat' dir='ltr'>scire</span> <span class='ocrx_word' id='word_1_14' title='bbox 1989 514 2008 551; x_wconf 91' lang='lat'><strong>,</strong></span> <span class='ocrx_word' id='word_1_15' title='bbox 2045 488 2284 556; x_wconf 80' lang='lat' dir='ltr'>quare,</span> 
     </span>
     <span class='ocr_line' id='line_1_3' title="bbox 118 577 2290 676; baseline -0.002 -25"><span class='ocrx_word' id='word_1_16' title='bbox 118 598 485 676; x_wconf 84' lang='lat' dir='ltr'>quatenus</span> <span class='ocrx_word' id='word_1_17' title='bbox 514 630 533 663; x_wconf 91' lang='lat'>‚</span> <span class='ocrx_word' id='word_1_18' title='bbox 578 577 1165 672; x_wconf 79' lang='lat' dir='ltr'><strong>quemadmodum.</strong></span> <span class='ocrx_word' id='word_1_19' title='bbox 1201 579 1305 646; x_wconf 80' lang='lat' dir='ltr'>Ita</span> <span class='ocrx_word' id='word_1_20' title='bbox 1345 582 1606 647; x_wconf 86' lang='lat' dir='ltr'>Bonum</span> <span class='ocrx_word' id='word_1_21' title='bbox 1647 580 1722 647; x_wconf 88' lang='lat' dir='ltr'>in</span> <span class='ocrx_word' id='word_1_22' title='bbox 1750 578 1940 647; x_wconf 91' lang='lat' dir='ltr'>nullo</span> <span class='ocrx_word' id='word_1_23' title='bbox 1977 594 2080 648; x_wconf 85' lang='lat' dir='ltr'>est</span> <span class='ocrx_word' id='word_1_24' title='bbox 2104 629 2123 662; x_wconf 92' lang='lat'><strong>,</strong></span> <span class='ocrx_word' id='word_1_25' title='bbox 2156 580 2290 647; x_wconf 85' lang='lat' dir='ltr'>nisi</span> 
     </span>
     <span class='ocr_line' id='line_1_4' title="bbox 126 688 671 793; baseline -0.007 -25"><span class='ocrx_word' id='word_1_26' title='bbox 126 704 219 768; x_wconf 84' lang='lat' dir='ltr'>in</span> <span class='ocrx_word' id='word_1_27' title='bbox 250 723 391 793; x_wconf 91' lang='lat' dir='ltr'>quo</span> <span class='ocrx_word' id='word_1_28' title='bbox 418 688 671 766; x_wconf 44' lang='lat' dir='ltr'>Ratio(</span> 
     </span>
    </p>

    <p class='ocr_par' dir='ltr' id='par_1_3' title="bbox 128 811 2293 2872">
     <span class='ocr_line' id='line_1_5' title="bbox 246 811 2288 908; baseline 0.001 -26"><span class='ocrx_word' id='word_1_29' title='bbox 246 817 413 907; x_wconf 85' lang='lat' dir='ltr'>Quo</span> <span class='ocrx_word' id='word_1_30' title='bbox 456 838 640 882; x_wconf 87' lang='lat' dir='ltr'>nunc</span> <span class='ocrx_word' id='word_1_31' title='bbox 670 815 1012 908; x_wconf 72' lang='lat' dir='ltr'>pertineat</span> <span class='ocrx_word' id='word_1_32' title='bbox 1053 812 1181 881; x_wconf 75' lang='lat' dir='ltr'>ista</span> <span class='ocrx_word' id='word_1_33' title='bbox 1230 811 1600 905; x_wconf 81' lang='lat' dir='ltr'>disputatio</span> <span class='ocrx_word' id='word_1_34' title='bbox 1621 862 1640 896; x_wconf 91' lang='lat'>‚</span> <span class='ocrx_word' id='word_1_35' title='bbox 1681 816 1926 905; x_wconf 75' lang='lat' dir='ltr'>quaeris</span> <span class='ocrx_word' id='word_1_36' title='bbox 1953 862 1974 897; x_wconf 89' lang='lat'>,</span> <span class='ocrx_word' id='word_1_37' title='bbox 2016 831 2088 882; x_wconf 90' lang='lat' dir='ltr'>et</span> <span class='ocrx_word' id='word_1_38' title='bbox 2120 816 2288 907; x_wconf 87' lang='lat' dir='ltr'>quid</span> 
     </span>
     <span class='ocr_line' id='line_1_6' title="bbox 131 927 2281 1022; baseline -0.001 -23"><span class='ocrx_word' id='word_1_39' title='bbox 131 931 383 1001; x_wconf 78' lang='lat' dir='ltr'>animo</span> <span class='ocrx_word' id='word_1_40' title='bbox 402 944 519 996; x_wconf 91' lang='lat' dir='ltr'>tuo</span> <span class='ocrx_word' id='word_1_41' title='bbox 535 927 890 1022; x_wconf 82' lang='lat' dir='ltr'>profutura</span> <span class='ocrx_word' id='word_1_42' title='bbox 914 929 1045 995; x_wconf 75' lang='lat' dir='ltr'>sit?</span> <span class='ocrx_word' id='word_1_43' title='bbox 1066 928 1237 996; x_wconf 90' lang='lat' dir='ltr'>Dico</span> <span class='ocrx_word' id='word_1_44' title='bbox 1268 954 1286 994; x_wconf 78' lang='lat' dir='ltr'><strong><em>z</em></strong></span> <span class='ocrx_word' id='word_1_45' title='bbox 1314 942 1382 994; x_wconf 92' lang='lat' dir='ltr'>et</span> <span class='ocrx_word' id='word_1_46' title='bbox 1407 941 1679 995; x_wconf 84' lang='lat' dir='ltr'>exercet</span> <span class='ocrx_word' id='word_1_47' title='bbox 1704 928 1895 996; x_wconf 89' lang='lat' dir='ltr'>illum</span> <span class='ocrx_word' id='word_1_48' title='bbox 1917 980 1936 1011; x_wconf 91' lang='lat'>‚</span> <span class='ocrx_word' id='word_1_49' title='bbox 1973 943 2042 997; x_wconf 92' lang='lat' dir='ltr'>et</span> <span class='ocrx_word' id='word_1_50' title='bbox 2060 932 2242 997; x_wconf 87' lang='lat' dir='ltr'>acuit</span> <span class='ocrx_word' id='word_1_51' title='bbox 2262 958 2281 1016; x_wconf 82' lang='lat'><em>3</em></span> 
     </span>
     <span class='ocr_line' id='line_1_7' title="bbox 128 1042 2281 1135; baseline -0 -22"><span class='ocrx_word' id='word_1_52' title='bbox 128 1062 215 1113; x_wconf 81' lang='lat' dir='ltr'>et</span> <span class='ocrx_word' id='word_1_53' title='bbox 241 1096 263 1127; x_wconf 90' lang='lat'>,</span> <span class='ocrx_word' id='word_1_54' title='bbox 306 1044 543 1135; x_wconf 89' lang='lat' dir='ltr'>utique</span> <span class='ocrx_word' id='word_1_55' title='bbox 576 1042 841 1135; x_wconf 85' lang='lat' dir='ltr'>aliquid</span> <span class='ocrx_word' id='word_1_56' title='bbox 882 1060 1187 1111; x_wconf 88' lang='lat' dir='ltr'>acturum</span> <span class='ocrx_word' id='word_1_57' title='bbox 1212 1092 1231 1125; x_wconf 86' lang='lat'>‚</span> <span class='ocrx_word' id='word_1_58' title='bbox 1270 1043 1712 1135; x_wconf 81' lang='lat' dir='ltr'>occupatione</span> <span class='ocrx_word' id='word_1_59' title='bbox 1744 1043 2028 1112; x_wconf 84' lang='lat' dir='ltr'>honesta</span> <span class='ocrx_word' id='word_1_60' title='bbox 2071 1059 2281 1113; x_wconf 88' lang='lat' dir='ltr'>tenet.</span> 
     </span>
     <span class='ocr_line' id='line_1_8' title="bbox 132 1156 2288 1253; baseline -0.001 -22"><span class='ocrx_word' id='word_1_61' title='bbox 132 1159 436 1231; x_wconf 79' lang='lat' dir='ltr'>Prodest</span> <span class='ocrx_word' id='word_1_62' title='bbox 468 1176 693 1229; x_wconf 86' lang='lat' dir='ltr'>autem</span> <span class='ocrx_word' id='word_1_63' title='bbox 729 1162 931 1229; x_wconf 88' lang='lat' dir='ltr'>etiam</span> <span class='ocrx_word' id='word_1_64' title='bbox 966 1160 1151 1252; x_wconf 89' lang='lat' dir='ltr'>quod</span> <span class='ocrx_word' id='word_1_65' title='bbox 1182 1175 1484 1227; x_wconf 87' lang='lat' dir='ltr'>moratur</span> <span class='ocrx_word' id='word_1_66' title='bbox 1508 1163 1534 1193; x_wconf 78' lang='lat'>²</span> <span class='ocrx_word' id='word_1_67' title='bbox 1564 1156 1653 1226; x_wconf 90' lang='lat' dir='ltr'>ad</span> <span class='ocrx_word' id='word_1_68' title='bbox 1678 1182 1890 1251; x_wconf 83' lang='lat' dir='ltr'>prava</span> <span class='ocrx_word' id='word_1_69' title='bbox 1917 1184 2288 1253; x_wconf 87' lang='lat' dir='ltr'>properan-</span> 
     </span>
     <span class='ocr_line' id='line_1_9' title="bbox 138 1267 2287 1366; baseline -0.001 -23"><span class='ocrx_word' id='word_1_70' title='bbox 138 1292 314 1344; x_wconf 81' lang='lat' dir='ltr'>tem.</span> <span class='ocrx_word' id='word_1_71' title='bbox 354 1275 488 1343; x_wconf 88' lang='lat' dir='ltr'>Sed</span> <span class='ocrx_word' id='word_1_72' title='bbox 508 1273 651 1366; x_wconf 85' lang='lat' dir='ltr'>[et]</span> <span class='ocrx_word' id='word_1_73' title='bbox 688 1272 859 1343; x_wconf 89' lang='lat' dir='ltr'>illud</span> <span class='ocrx_word' id='word_1_74' title='bbox 882 1268 905 1309; x_wconf 77' lang='lat'><strong>³</strong></span> <span class='ocrx_word' id='word_1_75' title='bbox 936 1271 1092 1341; x_wconf 90' lang='lat' dir='ltr'>dico</span> <span class='ocrx_word' id='word_1_76' title='bbox 1129 1299 1144 1339; x_wconf 74' lang='grc' dir='ltr'><strong>ε</strong></span> <span class='ocrx_word' id='word_1_77' title='bbox 1173 1272 1365 1340; x_wconf 86' lang='lat' dir='ltr'>nullo</span> <span class='ocrx_word' id='word_1_78' title='bbox 1392 1270 1594 1340; x_wconf 91' lang='lat' dir='ltr'>modo</span> <span class='ocrx_word' id='word_1_79' title='bbox 1628 1269 1950 1363; x_wconf 73' lang='lat' dir='ltr'>prodesse</span> <span class='ocrx_word' id='word_1_80' title='bbox 1976 1267 2287 1366; x_wconf 70' lang='lat' dir='ltr'>‘possum</span> 
     </span>
     <span class='ocr_line' id='line_1_10' title="bbox 134 1388 2286 1485; baseline -0.001 -24"><span class='ocrx_word' id='word_1_81' title='bbox 134 1394 369 1485; x_wconf 81' lang='lat' dir='ltr'>magis</span> <span class='ocrx_word' id='word_1_82' title='bbox 392 1441 413 1475; x_wconf 88' lang='lat'><strong>,</strong></span> <span class='ocrx_word' id='word_1_83' title='bbox 449 1416 654 1484; x_wconf 84' lang='lat' dir='ltr'><strong>quam</strong></span> <span class='ocrx_word' id='word_1_84' title='bbox 686 1393 744 1459; x_wconf 86' lang='lat' dir='ltr'>si</span> <span class='ocrx_word' id='word_1_85' title='bbox 778 1390 905 1459; x_wconf 85' lang='lat' dir='ltr'>tibi</span> <span class='ocrx_word' id='word_1_86' title='bbox 941 1390 1193 1458; x_wconf 90' lang='lat' dir='ltr'>bonum</span> <span class='ocrx_word' id='word_1_87' title='bbox 1221 1404 1410 1457; x_wconf 88' lang='lat' dir='ltr'>tuum</span> <span class='ocrx_word' id='word_1_88' title='bbox 1449 1388 1730 1456; x_wconf 88' lang='lat' dir='ltr'>ostendo</span> <span class='ocrx_word' id='word_1_89' title='bbox 1759 1437 1778 1471; x_wconf 91' lang='lat'>‚</span> <span class='ocrx_word' id='word_1_90' title='bbox 1817 1390 1872 1457; x_wconf 84' lang='lat' dir='ltr'>si</span> <span class='ocrx_word' id='word_1_91' title='bbox 1909 1404 1976 1457; x_wconf 85' lang='lat' dir='ltr'>te</span> <span class='ocrx_word' id='word_1_92' title='bbox 2002 1413 2044 1456; x_wconf 80' lang='lat' dir='ltr'><strong>a</strong></span> <span class='ocrx_word' id='word_1_93' title='bbox 2085 1392 2286 1459; x_wconf 87' lang='lat' dir='ltr'>mutis</span> 
     </span>
     <span class='ocr_line' id='line_1_11' title="bbox 137 1501 2287 1598; baseline -0 -24"><span class='ocrx_word' id='word_1_94' title='bbox 137 1506 559 1575; x_wconf 68' lang='lat' dir='ltr'><strong>animalibus</strong></span> <span class='ocrx_word' id='word_1_95' title='bbox 578 1528 841 1598; x_wconf 83' lang='lat' dir='ltr'>separ0,</span> <span class='ocrx_word' id='word_1_96' title='bbox 868 1506 1104 1573; x_wconf 87' lang='lat' dir='ltr'>sicum</span> <span class='ocrx_word' id='word_1_97' title='bbox 1126 1508 1271 1573; x_wconf 88' lang='lat' dir='ltr'>Deo</span> <span class='ocrx_word' id='word_1_98' title='bbox 1289 1528 1494 1597; x_wconf 84' lang='lat' dir='ltr'>ponc.</span> <span class='ocrx_word' id='word_1_99' title='bbox 1527 1501 1744 1595; x_wconf 87' lang='lat' dir='ltr'><strong>Quid,</strong></span> <span class='ocrx_word' id='word_1_100' title='bbox 1777 1504 2081 1595; x_wconf 86' lang='lat' dir='ltr'>inquam,</span> <span class='ocrx_word' id='word_1_101' title='bbox 2108 1505 2287 1573; x_wconf 82' lang='lat' dir='ltr'>vires</span> 
     </span>
     <span class='ocr_line' id='line_1_12' title="bbox 136 1620 2284 1717; baseline -0.003 -23"><span class='ocrx_word' id='word_1_102' title='bbox 136 1626 459 1717; x_wconf 85' lang='lat' dir='ltr'>corporis</span> <span class='ocrx_word' id='word_1_103' title='bbox 483 1623 610 1691; x_wconf 84' lang='lat' dir='ltr'>alis</span> <span class='ocrx_word' id='word_1_104' title='bbox 633 1638 700 1691; x_wconf 85' lang='lat' dir='ltr'>et</span> <span class='ocrx_word' id='word_1_105' title='bbox 726 1623 1049 1691; x_wconf 77' lang='lat' dir='ltr'>exerces?</span> <span class='ocrx_word' id='word_1_106' title='bbox 1080 1620 1458 1715; x_wconf 79' lang='lat' dir='ltr'>pecudibus</span> <span class='ocrx_word' id='word_1_107' title='bbox 1485 1622 1645 1689; x_wconf 86' lang='lat' dir='ltr'>istas</span> <span class='ocrx_word' id='word_1_108' title='bbox 1670 1622 1961 1714; x_wconf 86' lang='lat' dir='ltr'>majores</span> <span class='ocrx_word' id='word_1_109' title='bbox 1987 1621 2284 1714; x_wconf 82' lang='lat' dir='ltr'>ferisque</span> 
     </span>
     <span class='ocr_line' id='line_1_13' title="bbox 136 1736 2289 1831; baseline -0.001 -23"><span class='ocrx_word' id='word_1_110' title='bbox 136 1756 397 1808; x_wconf 83' lang='lat' dir='ltr'>natura</span> <span class='ocrx_word' id='word_1_111' title='bbox 424 1740 777 1807; x_wconf 77' lang='lat' dir='ltr'>concessit.</span> <span class='ocrx_word' id='word_1_112' title='bbox 815 1738 1009 1830; x_wconf 87' lang='lat' dir='ltr'>Quid</span> <span class='ocrx_word' id='word_1_113' title='bbox 1036 1736 1287 1806; x_wconf 85' lang='lat' dir='ltr'>excolis</span> <span class='ocrx_word' id='word_1_114' title='bbox 1326 1738 1606 1807; x_wconf 84' lang='lat' dir='ltr'>formam</span> <span class='ocrx_word' id='word_1_115' title='bbox 1634 1740 1664 1805; x_wconf 74' lang='grc' dir='ltr'>Ξ)</span> <span class='ocrx_word' id='word_1_116' title='bbox 1691 1762 1900 1831; x_wconf 86' lang='lat' dir='ltr'><strong>quum</strong></span> <span class='ocrx_word' id='word_1_117' title='bbox 1931 1738 2156 1806; x_wconf 89' lang='lat' dir='ltr'>omnia</span> <span class='ocrx_word' id='word_1_118' title='bbox 2183 1738 2289 1805; x_wconf 82' lang='lat' dir='ltr'>fe·-</span> 
     </span>
     <span class='ocr_line' id='line_1_14' title="bbox 137 1854 2292 1950; baseline -0.002 -23"><span class='ocrx_word' id='word_1_119' title='bbox 137 1858 331 1927; x_wconf 82' lang='lat' dir='ltr'>ceris</span> <span class='ocrx_word' id='word_1_120' title='bbox 358 1906 377 1940; x_wconf 90' lang='lat'>‚</span> <span class='ocrx_word' id='word_1_121' title='bbox 412 1882 453 1925; x_wconf 89' lang='lat' dir='ltr'><strong>a</strong></span> <span class='ocrx_word' id='word_1_122' title='bbox 486 1855 715 1925; x_wconf 88' lang='lat' dir='ltr'>multis</span> <span class='ocrx_word' id='word_1_123' title='bbox 748 1855 1149 1949; x_wconf 74' lang='lat' dir='ltr'><strong>animalibus</strong></span> <span class='ocrx_word' id='word_1_124' title='bbox 1197 1854 1444 1924; x_wconf 88' lang='lat' dir='ltr'>decore</span> <span class='ocrx_word' id='word_1_125' title='bbox 1485 1856 1806 1950; x_wconf 74' lang='lat' dir='ltr'>vinceris.</span> <span class='ocrx_word' id='word_1_126' title='bbox 1840 1856 2034 1947; x_wconf 86' lang='lat' dir='ltr'>Quid</span> <span class='ocrx_word' id='word_1_127' title='bbox 2074 1856 2292 1950; x_wconf 85' lang='lat' dir='ltr'>capil-</span> 
     </span>
     <span class='ocr_line' id='line_1_15' title="bbox 132 1970 2290 2067; baseline 0 -27"><span class='ocrx_word' id='word_1_128' title='bbox 132 1974 295 2041; x_wconf 87' lang='lat' dir='ltr'>‘lum</span> <span class='ocrx_word' id='word_1_129' title='bbox 340 1974 603 2067; x_wconf 82' lang='lat' dir='ltr'>ingenti</span> <span class='ocrx_word' id='word_1_130' title='bbox 644 1971 999 2067; x_wconf 80' lang='lat' dir='ltr'>diligentia</span> <span class='ocrx_word' id='word_1_131' title='bbox 1046 1972 1305 2039; x_wconf 81' lang='lat' dir='ltr'>comis?</span> <span class='ocrx_word' id='word_1_132' title='bbox 1333 1970 1568 2064; x_wconf 88' lang='lat' dir='ltr'><strong>Quum</strong></span> <span class='ocrx_word' id='word_1_133' title='bbox 1607 1972 1796 2041; x_wconf 90' lang='lat' dir='ltr'>illum</span> <span class='ocrx_word' id='word_1_134' title='bbox 1832 1971 1942 2041; x_wconf 82' lang='lat' dir='ltr'>vel</span> <span class='ocrx_word' id='word_1_135' title='bbox 1970 1970 2290 2041; x_wconf 82' lang='lat' dir='ltr'>effuderis</span> 
     </span>
     <span class='ocr_line' id='line_1_16' title="bbox 132 2078 2284 2173; baseline -0 -16"><span class='ocrx_word' id='word_1_136' title='bbox 132 2112 343 2157; x_wconf 84' lang='lat' dir='ltr'>more</span> <span class='ocrx_word' id='word_1_137' title='bbox 380 2088 781 2157; x_wconf 79' lang='lat' dir='ltr'><strong>Parthorum</strong></span> <span class='ocrx_word' id='word_1_138' title='bbox 805 2138 823 2169; x_wconf 91' lang='lat'>,</span> <span class='ocrx_word' id='word_1_139' title='bbox 872 2088 983 2155; x_wconf 80' lang='lat' dir='ltr'>vel</span> <span class='ocrx_word' id='word_1_140' title='bbox 1007 2089 1502 2155; x_wconf 88' lang='lat' dir='ltr'>Germanorum</span> <span class='ocrx_word' id='word_1_141' title='bbox 1531 2084 1710 2155; x_wconf 85' lang='lat' dir='ltr'>nodo</span> <span class='ocrx_word' id='word_1_142' title='bbox 1731 2078 1758 2123; x_wconf 78' lang='lat'><strong>⁵</strong></span> <span class='ocrx_word' id='word_1_143' title='bbox 1787 2088 2120 2170; x_wconf 77' lang='lat' dir='ltr'>vinxeris,</span> <span class='ocrx_word' id='word_1_144' title='bbox 2147 2088 2284 2173; x_wconf 74' lang='lat' dir='ltr'>vel,</span> 
     </span>
     <span class='ocr_line' id='line_1_17' title="bbox 139 2200 2288 2298; baseline -0.003 -23"><span class='ocrx_word' id='word_1_145' title='bbox 139 2222 228 2275; x_wconf 89' lang='lat' dir='ltr'>ut</span> <span class='ocrx_word' id='word_1_146' title='bbox 271 2202 539 2298; x_wconf 71' lang='lat' dir='ltr'>Scythae</span> <span class='ocrx_word' id='word_1_147' title='bbox 584 2203 847 2287; x_wconf 83' lang='lat' dir='ltr'>solent,</span> <span class='ocrx_word' id='word_1_148' title='bbox 896 2204 1265 2297; x_wconf 81' lang='lat' dir='ltr'>sparseris3</span> <span class='ocrx_word' id='word_1_149' title='bbox 1315 2202 1389 2270; x_wconf 87' lang='lat' dir='ltr'>in</span> <span class='ocrx_word' id='word_1_150' title='bbox 1435 2200 1740 2295; x_wconf 89' lang='lat' dir='ltr'>quolibet</span> <span class='ocrx_word' id='word_1_151' title='bbox 1785 2226 1961 2294; x_wconf 90' lang='lat' dir='ltr'>equo</span> <span class='ocrx_word' id='word_1_152' title='bbox 2015 2202 2288 2272; x_wconf 84' lang='lat' dir='ltr'>densior</span> 
     </span>
     <span class='ocr_line' id='line_1_18' title="bbox 134 2316 2284 2414; baseline -0.002 -25"><span class='ocrx_word' id='word_1_153' title='bbox 134 2320 519 2414; x_wconf 84' lang='lat' dir='ltr'>jactabitur</span> <span class='ocrx_word' id='word_1_154' title='bbox 556 2318 726 2410; x_wconf 88' lang='lat' dir='ltr'><strong>juba</strong></span> <span class='ocrx_word' id='word_1_155' title='bbox 751 2369 770 2400; x_wconf 92' lang='lat'>‚</span> <span class='ocrx_word' id='word_1_156' title='bbox 812 2316 1135 2384; x_wconf 48' lang='lat' dir='ltr'>horrebit*</span> <span class='ocrx_word' id='word_1_157' title='bbox 1162 2317 1235 2385; x_wconf 91' lang='lat' dir='ltr'>in</span> <span class='ocrx_word' id='word_1_158' title='bbox 1277 2316 1550 2384; x_wconf 90' lang='lat' dir='ltr'>leonum</span> <span class='ocrx_word' id='word_1_159' title='bbox 1594 2317 1858 2385; x_wconf 88' lang='lat' dir='ltr'>cervice</span> <span class='ocrx_word' id='word_1_160' title='bbox 1902 2318 2284 2390; x_wconf 87' lang='lat' dir='ltr'>formosior.</span> 
     </span>
     <span class='ocr_line' id='line_1_19' title="bbox 145 2429 2286 2528; baseline -0.001 -25"><span class='ocrx_word' id='word_1_161' title='bbox 145 2436 387 2528; x_wconf 86' lang='lat' dir='ltr'><strong>Quum</strong></span> <span class='ocrx_word' id='word_1_162' title='bbox 425 2448 493 2500; x_wconf 89' lang='lat' dir='ltr'>te</span> <span class='ocrx_word' id='word_1_163' title='bbox 533 2433 621 2500; x_wconf 85' lang='lat' dir='ltr'>ad</span> <span class='ocrx_word' id='word_1_164' title='bbox 663 2433 1087 2512; x_wconf 71' lang='lat' dir='ltr'>velocitatem</span> <span class='ocrx_word' id='word_1_165' title='bbox 1133 2433 1518 2524; x_wconf 81' lang='lat' dir='ltr'>paraveris,</span> <span class='ocrx_word' id='word_1_166' title='bbox 1578 2453 1703 2524; x_wconf 88' lang='lat' dir='ltr'>par</span> <span class='ocrx_word' id='word_1_167' title='bbox 1749 2429 2098 2524; x_wconf 85' lang='lat' dir='ltr'>lepusculo</span> <span class='ocrx_word' id='word_1_168' title='bbox 2150 2457 2286 2501; x_wconf 85' lang='lat' dir='ltr'>non</span> 
     </span>
     <span class='ocr_line' id='line_1_20' title="bbox 146 2547 2288 2639; baseline -0.001 -21"><span class='ocrx_word' id='word_1_169' title='bbox 146 2553 319 2618; x_wconf 79' lang='lat' dir='ltr'>eris.</span> <span class='ocrx_word' id='word_1_170' title='bbox 357 2551 477 2618; x_wconf 83' lang='lat' dir='ltr'>Vis</span> <span class='ocrx_word' id='word_1_171' title='bbox 503 2566 580 2618; x_wconf 90' lang='lat' dir='ltr'>tu</span> <span class='ocrx_word' id='word_1_172' title='bbox 601 2599 620 2632; x_wconf 89' lang='lat'>‚</span> <span class='ocrx_word' id='word_1_173' title='bbox 656 2549 913 2618; x_wconf 85' lang='lat' dir='ltr'>relictis</span> <span class='ocrx_word' id='word_1_174' title='bbox 953 2550 1025 2616; x_wconf 91' lang='lat' dir='ltr'>in</span> <span class='ocrx_word' id='word_1_175' title='bbox 1054 2547 1303 2639; x_wconf 88' lang='lat' dir='ltr'>quibus</span> <span class='ocrx_word' id='word_1_176' title='bbox 1328 2547 1510 2632; x_wconf 84' lang='lat' dir='ltr'>vinci</span> <span class='ocrx_word' id='word_1_177' title='bbox 1542 2563 1608 2614; x_wconf 91' lang='lat' dir='ltr'>te</span> <span class='ocrx_word' id='word_1_178' title='bbox 1639 2569 1916 2614; x_wconf 84' lang='lat' dir='ltr'>necesse</span> <span class='ocrx_word' id='word_1_179' title='bbox 1947 2563 2050 2616; x_wconf 87' lang='lat' dir='ltr'>est</span> <span class='ocrx_word' id='word_1_180' title='bbox 2074 2597 2096 2630; x_wconf 91' lang='lat'>,</span> <span class='ocrx_word' id='word_1_181' title='bbox 2129 2549 2288 2618; x_wconf 88' lang='lat' dir='ltr'>dum</span> 
     </span>
     <span class='ocr_line' id='line_1_21' title="bbox 150 2660 2293 2754; baseline 0 -22"><span class='ocrx_word' id='word_1_182' title='bbox 150 2667 229 2732; x_wconf 85' lang='lat' dir='ltr'>in</span> <span class='ocrx_word' id='word_1_183' title='bbox 250 2664 475 2732; x_wconf 87' lang='lat' dir='ltr'>aliena</span> <span class='ocrx_word' id='word_1_184' title='bbox 503 2664 745 2732; x_wconf 85' lang='lat' dir='ltr'>niteris</span> <span class='ocrx_word' id='word_1_185' title='bbox 768 2713 791 2748; x_wconf 89' lang='lat'><strong><em>‚</em></strong></span> <span class='ocrx_word' id='word_1_186' title='bbox 818 2663 906 2731; x_wconf 87' lang='lat' dir='ltr'>ad</span> <span class='ocrx_word' id='word_1_187' title='bbox 930 2665 1185 2731; x_wconf 89' lang='lat' dir='ltr'>Bonum</span> <span class='ocrx_word' id='word_1_188' title='bbox 1211 2663 1457 2729; x_wconf 82' lang='lat' dir='ltr'>reverti</span> <span class='ocrx_word' id='word_1_189' title='bbox 1485 2676 1670 2728; x_wconf 84' lang='lat' dir='ltr'>tuum</span> <span class='ocrx_word' id='word_1_190' title='bbox 1692 2663 1722 2728; x_wconf 80' lang='lat' dir='ltr'><strong>P</strong></span> <span class='ocrx_word' id='word_1_191' title='bbox 1747 2660 1956 2754; x_wconf 88' lang='lat' dir='ltr'>Quod</span> <span class='ocrx_word' id='word_1_192' title='bbox 1982 2679 2084 2730; x_wconf 84' lang='lat' dir='ltr'>est</span> <span class='ocrx_word' id='word_1_193' title='bbox 2109 2663 2293 2732; x_wconf 80' lang='lat' dir='ltr'>hoc?</span> 
     </span>
     <span class='ocr_line' id='line_1_22' title="bbox 147 2776 2291 2872; baseline -0.001 -23"><span class='ocrx_word' id='word_1_194' title='bbox 147 2781 421 2849; x_wconf 77' lang='lat' dir='ltr'>animus</span> <span class='ocrx_word' id='word_1_195' title='bbox 434 2780 699 2848; x_wconf 89' lang='lat' dir='ltr'>scilicet</span> <span class='ocrx_word' id='word_1_196' title='bbox 718 2778 1113 2848; x_wconf 75' lang='lat' dir='ltr'>emendatus</span> <span class='ocrx_word' id='word_1_197' title='bbox 1137 2801 1219 2845; x_wconf 84' lang='lat' dir='ltr'>ac</span> <span class='ocrx_word' id='word_1_198' title='bbox 1242 2799 1456 2872; x_wconf 85' lang='lat' dir='ltr'>purus</span> <span class='ocrx_word' id='word_1_199' title='bbox 1473 2826 1494 2860; x_wconf 89' lang='lat'><strong>,</strong></span> <span class='ocrx_word' id='word_1_200' title='bbox 1529 2776 1876 2847; x_wconf 65' lang='lat' dir='ltr'>aemulator</span> <span class='ocrx_word' id='word_1_201' title='bbox 1892 2778 2058 2861; x_wconf 88' lang='lat' dir='ltr'>Dei,</span> <span class='ocrx_word' id='word_1_202' title='bbox 2087 2803 2291 2872; x_wconf 83' lang='lat' dir='ltr'>super</span> 
     </span>
    </p>
   </div>
   <div class='ocr_carea' id='block_1_3' title="bbox 148 2991 2292 3455">
    <p class='ocr_par' dir='ltr' id='par_1_4' title="bbox 149 2991 2291 3222">
     <span class='ocr_line' id='line_1_23' title="bbox 152 2991 2288 3062; baseline -0 -14"><span class='ocrx_word' id='word_1_203' title='bbox 152 2994 317 3050; x_wconf 76' lang='lat' dir='ltr'>nostri</span> <span class='ocrx_word' id='word_1_204' title='bbox 357 3015 569 3061; x_wconf 75' lang='lat' dir='ltr'>omnes,</span> <span class='ocrx_word' id='word_1_205' title='bbox 610 3016 727 3048; x_wconf 87' lang='lat' dir='ltr'>cum</span> <span class='ocrx_word' id='word_1_206' title='bbox 762 2995 909 3048; x_wconf 84' lang='lat' dir='ltr'>Pine.</span> <span class='ocrx_word' id='word_1_207' title='bbox 951 3009 999 3047; x_wconf 84' lang='lat' dir='ltr'>et</span> <span class='ocrx_word' id='word_1_208' title='bbox 1028 2995 1173 3048; x_wconf 77' lang='lat' dir='ltr'>Grut.</span> <span class='ocrx_word' id='word_1_209' title='bbox 1272 2991 1628 3062; x_wconf 68' lang='lat' dir='ltr'>adjiciendam.</span> <span class='ocrx_word' id='word_1_210' title='bbox 1651 2995 2288 3052; x_wconf 71' lang='lat' dir='ltr'>Schw.-Sedete·11ud...</span> 
     </span>
     <span class='ocr_line' id='line_1_24' title="bbox 149 3073 2291 3147; baseline -0.001 -21"><span class='ocrx_word' id='word_1_211' title='bbox 149 3075 331 3145; x_wconf 79' lang='lat' dir='ltr'>Vulgo</span> <span class='ocrx_word' id='word_1_212' title='bbox 365 3076 463 3127; x_wconf 75' lang='lat' dir='ltr'>sed</span> <span class='ocrx_word' id='word_1_213' title='bbox 484 3078 640 3143; x_wconf 79' lang='lat' dir='ltr'>quale</span> <span class='ocrx_word' id='word_1_214' title='bbox 657 3075 690 3129; x_wconf 67' lang='lat' dir='ltr'><em>P</em></span> <span class='ocrx_word' id='word_1_215' title='bbox 714 3093 803 3128; x_wconf 81' lang='lat' dir='ltr'>nec</span> <span class='ocrx_word' id='word_1_216' title='bbox 824 3075 1015 3132; x_wconf 74' lang='lat' dir='ltr'>bonum</span> <span class='ocrx_word' id='word_1_217' title='bbox 1036 3110 1051 3137; x_wconf 93' lang='lat'>,</span> <span class='ocrx_word' id='word_1_218' title='bbox 1079 3085 1175 3130; x_wconf 77' lang='lat' dir='ltr'>ete.</span> <span class='ocrx_word' id='word_1_219' title='bbox 1267 3092 1420 3141; x_wconf 83' lang='lat' dir='ltr'>pono.</span> <span class='ocrx_word' id='word_1_220' title='bbox 1439 3073 1526 3126; x_wconf 89' lang='lat' dir='ltr'>Sic</span> <span class='ocrx_word' id='word_1_221' title='bbox 1559 3073 1650 3147; x_wconf 85' lang='lat' dir='ltr'>Ep.</span> <span class='ocrx_word' id='word_1_222' title='bbox 1675 3090 1874 3139; x_wconf 72' lang='lat' dir='ltr'>txxm,</span> <span class='ocrx_word' id='word_1_223' title='bbox 1897 3095 1974 3143; x_wconf 87' lang='grc' dir='ltr'>ιι,</span> <span class='ocrx_word' id='word_1_224' title='bbox 2001 3076 2103 3128; x_wconf 72' lang='lat' dir='ltr'>sit:</span> <span class='ocrx_word' id='word_1_225' title='bbox 2129 3097 2157 3123; x_wconf 71' lang='grc' dir='ltr'>«ι</span> <span class='ocrx_word' id='word_1_226' title='bbox 2181 3078 2291 3130; x_wconf 74' lang='lat' dir='ltr'>so-</span> 
     </span>
     <span class='ocr_line' id='line_1_25' title="bbox 151 3149 2289 3222; baseline 0 -16"><span class='ocrx_word' id='word_1_227' title='bbox 151 3153 219 3206; x_wconf 77' lang='lat' dir='ltr'>ab</span> <span class='ocrx_word' id='word_1_228' title='bbox 242 3151 455 3203; x_wconf 74' lang='lat' dir='ltr'>Eresmo</span> <span class='ocrx_word' id='word_1_229' title='bbox 476 3191 491 3219; x_wconf 87' lang='lat'>,</span> <span class='ocrx_word' id='word_1_230' title='bbox 516 3151 687 3204; x_wconf 75' lang='lat' dir='ltr'>nescio</span> <span class='ocrx_word' id='word_1_231' title='bbox 710 3152 865 3204; x_wconf 85' lang='lat' dir='ltr'>unde.</span> <span class='ocrx_word' id='word_1_232' title='bbox 887 3149 1045 3204; x_wconf 74' lang='lat' dir='ltr'>Scbw.</span> <span class='ocrx_word' id='word_1_233' title='bbox 1274 3149 1408 3202; x_wconf 70' lang='lat' dir='ltr'>lebat</span> <span class='ocrx_word' id='word_1_234' title='bbox 1427 3150 1620 3203; x_wconf 75' lang='lat' dir='ltr'>Sextius</span> <span class='ocrx_word' id='word_1_235' title='bbox 1639 3151 1828 3215; x_wconf 81' lang='lat' dir='ltr'>dicere,</span> <span class='ocrx_word' id='word_1_236' title='bbox 1847 3154 2028 3205; x_wconf 82' lang='lat' dir='ltr'>Jovem</span> <span class='ocrx_word' id='word_1_237' title='bbox 2050 3153 2165 3222; x_wconf 78' lang='lat' dir='ltr'>plns</span> <span class='ocrx_word' id='word_1_238' title='bbox 2187 3174 2289 3207; x_wconf 83' lang='lat' dir='ltr'>non</span> 
     </span>
    </p>

    <p class='ocr_par' dir='ltr' id='par_1_5' title="bbox 148 3226 2292 3455">
     <span class='ocr_line' id='line_1_26' title="bbox 224 3226 2292 3299; baseline 0.003 -19"><span class='ocrx_word' id='word_1_239' title='bbox 224 3227 701 3282; x_wconf 75' lang='lat' dir='ltr'>1.Rau‘onab1‘le‘bus</span> <span class='ocrx_word' id='word_1_240' title='bbox 721 3229 773 3281; x_wconf 82' lang='lat' dir='ltr'>h.</span> <span class='ocrx_word' id='word_1_241' title='bbox 790 3228 823 3280; x_wconf 92' lang='lat' dir='ltr'>l.</span> <span class='ocrx_word' id='word_1_242' title='bbox 838 3227 1023 3282; x_wconf 80' lang='lat' dir='ltr'>dedere</span> <span class='ocrx_word' id='word_1_243' title='bbox 1036 3226 1174 3281; x_wconf 82' lang='lat' dir='ltr'>a.R.</span> <span class='ocrx_word' id='word_1_244' title='bbox 1272 3245 1418 3299; x_wconf 78' lang='lat' dir='ltr'>posse</span> <span class='ocrx_word' id='word_1_245' title='bbox 1432 3262 1448 3291; x_wconf 88' lang='lat'>,</span> <span class='ocrx_word' id='word_1_246' title='bbox 1479 3247 1634 3296; x_wconf 83' lang='lat' dir='ltr'><strong>quam</strong></span> <span class='ocrx_word' id='word_1_247' title='bbox 1661 3229 1848 3282; x_wconf 84' lang='lat' dir='ltr'>bonum</span> <span class='ocrx_word' id='word_1_248' title='bbox 1871 3230 2055 3285; x_wconf 83' lang='lat' dir='ltr'>virum.</span> <span class='ocrx_word' id='word_1_249' title='bbox 2075 3261 2141 3274; x_wconf 93' lang='lat'>-</span> <span class='ocrx_word' id='word_1_250' title='bbox 2154 3234 2292 3286; x_wconf 80' lang='lat' dir='ltr'>luter</span> 
     </span>
     <span class='ocr_line' id='line_1_27' title="bbox 148 3305 2292 3388; baseline 0.004 -28"><span class='ocrx_word' id='word_1_251' title='bbox 148 3310 225 3360; x_wconf 82' lang='lat' dir='ltr'>A.</span> <span class='ocrx_word' id='word_1_252' title='bbox 238 3305 613 3360; x_wconf 72' lang='lat' dir='ltr'>Rationah&#39;bus</span> <span class='ocrx_word' id='word_1_253' title='bbox 630 3308 708 3360; x_wconf 86' lang='lat' dir='ltr'>ed.</span> <span class='ocrx_word' id='word_1_254' title='bbox 724 3307 857 3380; x_wconf 74' lang='lat' dir='ltr'>Lipe.</span> <span class='ocrx_word' id='word_1_255' title='bbox 877 3319 925 3358; x_wconf 85' lang='lat' dir='ltr'>et</span> <span class='ocrx_word' id='word_1_256' title='bbox 938 3325 1174 3376; x_wconf 72' lang='lat' dir='ltr'>sqq.cum</span> <span class='ocrx_word' id='word_1_257' title='bbox 1276 3305 1404 3358; x_wconf 79' lang='lat' dir='ltr'>duos</span> <span class='ocrx_word' id='word_1_258' title='bbox 1441 3306 1603 3360; x_wconf 77' lang='lat' dir='ltr'>bonos</span> <span class='ocrx_word' id='word_1_259' title='bbox 1627 3329 1734 3361; x_wconf 85' lang='lat' dir='ltr'>non</span> <span class='ocrx_word' id='word_1_260' title='bbox 1769 3321 1842 3362; x_wconf 79' lang='lat' dir='ltr'>est</span> <span class='ocrx_word' id='word_1_261' title='bbox 1873 3312 2070 3365; x_wconf 84' lang='lat' dir='ltr'>melior.</span> <span class='ocrx_word' id='word_1_262' title='bbox 2094 3314 2292 3388; x_wconf 81' lang='lat' dir='ltr'>Jupiter</span> 
     </span>
     <span class='ocr_line' id='line_1_28' title="bbox 152 3383 2290 3455; baseline 0.004 -17"><span class='ocrx_word' id='word_1_263' title='bbox 152 3399 329 3438; x_wconf 76' lang='lat' dir='ltr'>nostro</span> <span class='ocrx_word' id='word_1_264' title='bbox 353 3403 445 3436; x_wconf 79' lang='lat' dir='ltr'>ms.</span> <span class='ocrx_word' id='word_1_265' title='bbox 460 3405 502 3438; x_wconf 88' lang='lat' dir='ltr'>c.</span> <span class='ocrx_word' id='word_1_266' title='bbox 526 3397 571 3437; x_wconf 77' lang='lat' dir='ltr'>et</span> <span class='ocrx_word' id='word_1_267' title='bbox 587 3384 817 3455; x_wconf 83' lang='lat' dir='ltr'>quinque</span> <span class='ocrx_word' id='word_1_268' title='bbox 840 3383 1172 3437; x_wconf 76' lang='lat' dir='ltr'>Gruterianis.</span> <span class='ocrx_word' id='word_1_269' title='bbox 1272 3403 1374 3454; x_wconf 86' lang='lat' dir='ltr'>quo</span> <span class='ocrx_word' id='word_1_270' title='bbox 1395 3385 1644 3437; x_wconf 81' lang='lat' dir='ltr'>antecedit</span> <span class='ocrx_word' id='word_1_271' title='bbox 1665 3385 1828 3440; x_wconf 83' lang='lat' dir='ltr'>virum</span> <span class='ocrx_word' id='word_1_272' title='bbox 1849 3387 2086 3444; x_wconf 85' lang='lat' dir='ltr'>bonnm?</span> <span class='ocrx_word' id='word_1_273' title='bbox 2106 3391 2290 3446; x_wconf 75' lang='lat' dir='ltr'>diutius</span> 
     </span>
    </p>
   </div>
   <div class='ocr_carea' id='block_1_4' title="bbox 152 3460 2226 3536">
    <p class='ocr_par' dir='ltr' id='par_1_6' title="bbox 152 3460 2226 3536">
     <span class='ocr_line' id='line_1_29' title="bbox 152 3460 2226 3536; baseline 0.008 -29"><span class='ocrx_word' id='word_1_274' title='bbox 152 3464 319 3518; x_wconf 53' lang='grc' dir='ltr'>δώῃ.</span> <span class='ocrx_word' id='word_1_275' title='bbox 1270 3460 1435 3514; x_wconf 78' lang='lat' dir='ltr'>bonus</span> <span class='ocrx_word' id='word_1_276' title='bbox 1458 3473 1545 3514; x_wconf 77' lang='lat' dir='ltr'>est.</span> <span class='ocrx_word' id='word_1_277' title='bbox 1570 3484 1598 3509; x_wconf 66' lang='lat' dir='ltr'>n</span> <span class='ocrx_word' id='word_1_278' title='bbox 1627 3463 1705 3517; x_wconf 76' lang='lat' dir='ltr'>Cf.</span> <span class='ocrx_word' id='word_1_279' title='bbox 1735 3466 1808 3518; x_wconf 88' lang='lat' dir='ltr'>ibi</span> <span class='ocrx_word' id='word_1_280' title='bbox 1831 3469 2226 3536; x_wconf 68' lang='lat' dir='ltr'>uotam.}Ruhlc.</span> 
     </span>
    </p>
   </div>
   <div class='ocr_carea' id='block_1_5' title="bbox 153 3540 2299 3936">
    <p class='ocr_par' dir='ltr' id='par_1_7' title="bbox 153 3540 2299 3936">
     <span class='ocr_line' id='line_1_30' title="bbox 220 3540 2296 3614; baseline 0.005 -21"><span class='ocrx_word' id='word_1_281' title='bbox 220 3561 271 3593; x_wconf 67' lang='grc' dir='ltr'>α.</span> <span class='ocrx_word' id='word_1_282' title='bbox 292 3541 518 3595; x_wconf 74' lang='lat' dir='ltr'>Prodest</span> <span class='ocrx_word' id='word_1_283' title='bbox 530 3553 709 3595; x_wconf 75' lang='lat' dir='ltr'>autem</span> <span class='ocrx_word' id='word_1_284' title='bbox 730 3545 891 3595; x_wconf 79' lang='lat' dir='ltr'>etiam</span> <span class='ocrx_word' id='word_1_285' title='bbox 910 3543 1175 3610; x_wconf 77' lang='lat' dir='ltr'>quodem·</span> <span class='ocrx_word' id='word_1_286' title='bbox 1339 3541 1387 3605; x_wconf 78' lang='lat'>4.</span> <span class='ocrx_word' id='word_1_287' title='bbox 1409 3540 1672 3595; x_wconf 70' lang='lat' dir='ltr'>Prodesse</span> <span class='ocrx_word' id='word_1_288' title='bbox 1686 3563 1908 3612; x_wconf 76' lang='lat' dir='ltr'>possum</span> <span class='ocrx_word' id='word_1_289' title='bbox 1930 3583 1946 3614; x_wconf 90' lang='lat'>,</span> <span class='ocrx_word' id='word_1_290' title='bbox 1966 3568 2020 3599; x_wconf 84' lang='lat' dir='ltr'>a.</span> <span class='ocrx_word' id='word_1_291' title='bbox 2054 3550 2126 3602; x_wconf 76' lang='lat' dir='ltr'>R.</span> <span class='ocrx_word' id='word_1_292' title='bbox 2146 3550 2296 3604; x_wconf 80' lang='lat' dir='ltr'>Pm-</span> 
     </span>
     <span class='ocr_line' id='line_1_31' title="bbox 156 3619 2208 3694; baseline 0.003 -21"><span class='ocrx_word' id='word_1_293' title='bbox 156 3630 325 3673; x_wconf 75' lang='lat' dir='ltr'>rarur.</span> <span class='ocrx_word' id='word_1_294' title='bbox 368 3619 539 3694; x_wconf 80' lang='lat' dir='ltr'>Vulgo</span> <span class='ocrx_word' id='word_1_295' title='bbox 575 3629 627 3672; x_wconf 80' lang='lat' dir='ltr'>et</span> <span class='ocrx_word' id='word_1_296' title='bbox 668 3622 811 3689; x_wconf 81' lang='lat' dir='ltr'>quod</span> <span class='ocrx_word' id='word_1_297' title='bbox 848 3619 963 3671; x_wconf 83' lang='lat' dir='ltr'>edd.</span> <span class='ocrx_word' id='word_1_298' title='bbox 1018 3620 1178 3692; x_wconf 76' lang='lat' dir='ltr'>Quod</span> <span class='ocrx_word' id='word_1_299' title='bbox 1272 3621 1424 3672; x_wconf 79' lang='lat' dir='ltr'>desse</span> <span class='ocrx_word' id='word_1_300' title='bbox 1449 3621 1546 3672; x_wconf 76' lang='lat' dir='ltr'>tibi</span> <span class='ocrx_word' id='word_1_301' title='bbox 1559 3641 1776 3688; x_wconf 79' lang='lat' dir='ltr'>possum</span> <span class='ocrx_word' id='word_1_302' title='bbox 1801 3624 1915 3678; x_wconf 82' lang='lat' dir='ltr'>edd.</span> <span class='ocrx_word' id='word_1_303' title='bbox 1935 3646 2051 3678; x_wconf 86' lang='lat' dir='ltr'>cum</span> <span class='ocrx_word' id='word_1_304' title='bbox 2073 3647 2114 3681; x_wconf 79' lang='lat' dir='ltr'>c.</span> <span class='ocrx_word' id='word_1_305' title='bbox 2135 3630 2208 3680; x_wconf 81' lang='lat' dir='ltr'>A.</span> 
     </span>
     <span class='ocr_line' id='line_1_32' title="bbox 157 3697 2294 3769; baseline 0.004 -18"><span class='ocrx_word' id='word_1_306' title='bbox 157 3699 373 3769; x_wconf 73' lang='lat' dir='ltr'>(absque</span> <span class='ocrx_word' id='word_1_307' title='bbox 397 3704 481 3766; x_wconf 75' lang='lat' dir='ltr'>et)</span> <span class='ocrx_word' id='word_1_308' title='bbox 511 3698 589 3750; x_wconf 82' lang='lat' dir='ltr'>ed.</span> <span class='ocrx_word' id='word_1_309' title='bbox 613 3697 684 3750; x_wconf 80' lang='lat' dir='ltr'>R.</span> <span class='ocrx_word' id='word_1_310' title='bbox 711 3697 897 3750; x_wconf 76' lang='lat' dir='ltr'>Etiam</span> <span class='ocrx_word' id='word_1_311' title='bbox 928 3717 1029 3768; x_wconf 77' lang='lat' dir='ltr'>quo</span> <span class='ocrx_word' id='word_1_312' title='bbox 1052 3717 1107 3751; x_wconf 86' lang='grc' dir='ltr'>α.</span> <span class='ocrx_word' id='word_1_313' title='bbox 1130 3717 1171 3750; x_wconf 87' lang='lat' dir='ltr'>c.</span> <span class='ocrx_word' id='word_1_314' title='bbox 1340 3700 1388 3751; x_wconf 83' lang='lat'>5.</span> <span class='ocrx_word' id='word_1_315' title='bbox 1446 3701 1549 3753; x_wconf 82' lang='lat' dir='ltr'>Vel</span> <span class='ocrx_word' id='word_1_316' title='bbox 1590 3701 1971 3756; x_wconf 78' lang='lat' dir='ltr'>Germanorum</span> <span class='ocrx_word' id='word_1_317' title='bbox 2014 3707 2164 3758; x_wconf 82' lang='lat' dir='ltr'>nodo.</span> <span class='ocrx_word' id='word_1_318' title='bbox 2208 3707 2294 3761; x_wconf 79' lang='lat' dir='ltr'>Sic</span> 
     </span>
     <span class='ocr_line' id='line_1_33' title="bbox 153 3776 2299 3856; baseline 0.004 -26"><span class='ocrx_word' id='word_1_319' title='bbox 153 3780 227 3830; x_wconf 84' lang='lat' dir='ltr'>A.</span> <span class='ocrx_word' id='word_1_320' title='bbox 254 3791 305 3830; x_wconf 81' lang='lat' dir='ltr'>et</span> <span class='ocrx_word' id='word_1_321' title='bbox 344 3777 453 3832; x_wconf 73' lang='lat' dir='ltr'>Pal.</span> <span class='ocrx_word' id='word_1_322' title='bbox 482 3799 499 3831; x_wconf 93' lang='grc' dir='ltr'>ι</span> <span class='ocrx_word' id='word_1_323' title='bbox 524 3819 539 3845; x_wconf 84' lang='grc'><strong><em>,</em></strong></span> <span class='ocrx_word' id='word_1_324' title='bbox 558 3799 587 3830; x_wconf 78' lang='lat'>2</span> <span class='ocrx_word' id='word_1_325' title='bbox 606 3819 621 3845; x_wconf 87' lang='lat'>‚</span> <span class='ocrx_word' id='word_1_326' title='bbox 642 3783 805 3832; x_wconf 73' lang='lat' dir='ltr'>etiam</span> <span class='ocrx_word' id='word_1_327' title='bbox 829 3781 975 3848; x_wconf 78' lang='lat' dir='ltr'>quod</span> <span class='ocrx_word' id='word_1_328' title='bbox 992 3780 1175 3833; x_wconf 81' lang='lat' dir='ltr'>dedere</span> <span class='ocrx_word' id='word_1_329' title='bbox 1274 3776 1444 3830; x_wconf 81' lang='lat' dir='ltr'>Schw.</span> <span class='ocrx_word' id='word_1_330' title='bbox 1469 3777 1568 3832; x_wconf 80' lang='lat' dir='ltr'>nisi</span> <span class='ocrx_word' id='word_1_331' title='bbox 1591 3779 1726 3848; x_wconf 84' lang='lat' dir='ltr'>quod</span> <span class='ocrx_word' id='word_1_332' title='bbox 1753 3781 1824 3833; x_wconf 81' lang='lat' dir='ltr'>sie</span> <span class='ocrx_word' id='word_1_333' title='bbox 1845 3782 2152 3856; x_wconf 68' lang='lat' dir='ltr'>intel-pungit</span> <span class='ocrx_word' id='word_1_334' title='bbox 2177 3789 2299 3838; x_wconf 69' lang='lat' dir='ltr'>:vel</span> 
     </span>
     <span class='ocr_line' id='line_1_34' title="bbox 156 3854 2298 3936; baseline 0.004 -30"><span class='ocrx_word' id='word_1_335' title='bbox 156 3857 270 3910; x_wconf 79' lang='lat' dir='ltr'>Pal.</span> <span class='ocrx_word' id='word_1_336' title='bbox 296 3855 328 3908; x_wconf 81' lang='lat'>3</span> <span class='ocrx_word' id='word_1_337' title='bbox 346 3895 361 3922; x_wconf 90' lang='lat'>,</span> <span class='ocrx_word' id='word_1_338' title='bbox 384 3856 433 3920; x_wconf 71' lang='grc'>4.</span> <span class='ocrx_word' id='word_1_339' title='bbox 456 3869 505 3908; x_wconf 87' lang='lat' dir='ltr'>et</span> <span class='ocrx_word' id='word_1_340' title='bbox 531 3855 642 3910; x_wconf 85' lang='lat' dir='ltr'>col.</span> <span class='ocrx_word' id='word_1_341' title='bbox 666 3857 827 3912; x_wconf 65' lang='lat' dir='ltr'>Sohar.</span> <span class='ocrx_word' id='word_1_342' title='bbox 1286 3854 1674 3910; x_wconf 78' lang='lat' dir='ltr'>Germanorum</span> <span class='ocrx_word' id='word_1_343' title='bbox 1689 3896 1705 3922; x_wconf 90' lang='lat'><em>,</em></span> <span class='ocrx_word' id='word_1_344' title='bbox 1723 3862 1884 3924; x_wconf 78' lang='lat' dir='ltr'>nodo,</span> <span class='ocrx_word' id='word_1_345' title='bbox 1906 3863 2048 3932; x_wconf 78' lang='lat' dir='ltr'>quasi</span> <span class='ocrx_word' id='word_1_346' title='bbox 2064 3862 2298 3936; x_wconf 82' lang='lat' dir='ltr'>supplen-</span> 
     </span>
    </p>
   </div>
   <div class='ocr_carea' id='block_1_6' title="bbox 156 3925 2299 4165">
    <p class='ocr_par' dir='ltr' id='par_1_8' title="bbox 156 3925 2299 4165">
     <span class='ocr_line' id='line_1_35' title="bbox 223 3925 2296 4010; baseline 0.003 -25"><span class='ocrx_word' id='word_1_347' title='bbox 223 3934 269 3985; x_wconf 80' lang='grc'>3.</span> <span class='ocrx_word' id='word_1_348' title='bbox 302 3931 417 3986; x_wconf 81' lang='lat' dir='ltr'>Sed</span> <span class='ocrx_word' id='word_1_349' title='bbox 438 3942 491 3986; x_wconf 74' lang='lat' dir='ltr'>et</span> <span class='ocrx_word' id='word_1_350' title='bbox 513 3937 654 3988; x_wconf 76' lang='lat' dir='ltr'>illud</span> <span class='ocrx_word' id='word_1_351' title='bbox 672 3936 802 3986; x_wconf 72' lang='lat' dir='ltr'>dico.</span> <span class='ocrx_word' id='word_1_352' title='bbox 820 3925 1070 3988; x_wconf 75' lang='lat' dir='ltr'>Voculam</span> <span class='ocrx_word' id='word_1_353' title='bbox 1108 3945 1175 3998; x_wconf 76' lang='lat' dir='ltr'>et,</span> <span class='ocrx_word' id='word_1_354' title='bbox 1282 3932 1402 3985; x_wconf 86' lang='lat' dir='ltr'>dum</span> <span class='ocrx_word' id='word_1_355' title='bbox 1430 3948 1556 3987; x_wconf 78' lang='lat' dir='ltr'>esset</span> <span class='ocrx_word' id='word_1_356' title='bbox 1583 3955 1724 3989; x_wconf 81' lang='lat' dir='ltr'>more</span> <span class='ocrx_word' id='word_1_357' title='bbox 1748 3950 1858 4010; x_wconf 79' lang='lat' dir='ltr'>post</span> <span class='ocrx_word' id='word_1_358' title='bbox 1896 3937 2296 3992; x_wconf 80' lang='lat' dir='ltr'>Germanorum.</span> 
     </span>
     <span class='ocr_line' id='line_1_36' title="bbox 158 4010 2299 4086; baseline 0.003 -22"><span class='ocrx_word' id='word_1_359' title='bbox 158 4031 317 4082; x_wconf 83' lang='lat' dir='ltr'><strong>quum</strong></span> <span class='ocrx_word' id='word_1_360' title='bbox 338 4012 535 4065; x_wconf 74' lang='lat' dir='ltr'>abesset</span> <span class='ocrx_word' id='word_1_361' title='bbox 558 4010 717 4086; x_wconf 82' lang='lat' dir='ltr'>vulgo</span> <span class='ocrx_word' id='word_1_362' title='bbox 736 4053 751 4080; x_wconf 90' lang='lat'>,</span> <span class='ocrx_word' id='word_1_363' title='bbox 772 4013 1101 4067; x_wconf 74' lang='lat' dir='ltr'>necessariam</span> <span class='ocrx_word' id='word_1_364' title='bbox 1130 4012 1181 4065; x_wconf 86' lang='lat' dir='ltr'>h.</span> <span class='ocrx_word' id='word_1_365' title='bbox 1279 4013 1454 4086; x_wconf 79' lang='lat' dir='ltr'>Vulgo</span> <span class='ocrx_word' id='word_1_366' title='bbox 1481 4016 1565 4066; x_wconf 82' lang='lat' dir='ltr'>vel</span> <span class='ocrx_word' id='word_1_367' title='bbox 1589 4025 1648 4067; x_wconf 81' lang='lat' dir='ltr'>ut</span> <span class='ocrx_word' id='word_1_368' title='bbox 1673 4015 1851 4069; x_wconf 79' lang='lat' dir='ltr'>Germ,</span> <span class='ocrx_word' id='word_1_369' title='bbox 1870 4042 1937 4055; x_wconf 96' lang='lat'><strong>—</strong></span> <span class='ocrx_word' id='word_1_370' title='bbox 1961 4015 2104 4068; x_wconf 69' lang='lat' dir='ltr'>Confi</span> <span class='ocrx_word' id='word_1_371' title='bbox 2133 4017 2199 4070; x_wconf 83' lang='lat' dir='ltr'>ad</span> <span class='ocrx_word' id='word_1_372' title='bbox 2222 4020 2299 4070; x_wconf 88' lang='lat'>111</span> 
     </span>
     <span class='ocr_line' id='line_1_37' title="bbox 156 4085 2296 4165; baseline 0.002 -24"><span class='ocrx_word' id='word_1_373' title='bbox 156 4085 191 4141; x_wconf 88' lang='lat' dir='ltr'>l.</span> <span class='ocrx_word' id='word_1_374' title='bbox 220 4091 394 4165; x_wconf 74' lang='lat' dir='ltr'>putavi</span> <span class='ocrx_word' id='word_1_375' title='bbox 411 4129 427 4158; x_wconf 85' lang='lat'>,</span> <span class='ocrx_word' id='word_1_376' title='bbox 452 4102 501 4144; x_wconf 84' lang='lat' dir='ltr'>et</span> <span class='ocrx_word' id='word_1_377' title='bbox 522 4089 606 4142; x_wconf 76' lang='lat' dir='ltr'>vel</span> <span class='ocrx_word' id='word_1_378' title='bbox 627 4089 1015 4146; x_wconf 70' lang='lat' dir='ltr'>reclamantibus</span> <span class='ocrx_word' id='word_1_379' title='bbox 1036 4090 1181 4145; x_wconf 78' lang='lat' dir='ltr'>libris</span> <span class='ocrx_word' id='word_1_380' title='bbox 1278 4089 1343 4142; x_wconf 81' lang='lat' dir='ltr'>de</span> <span class='ocrx_word' id='word_1_381' title='bbox 1365 4091 1446 4144; x_wconf 81' lang='lat' dir='ltr'>lra</span> <span class='ocrx_word' id='word_1_382' title='bbox 1475 4091 1558 4160; x_wconf 76' lang='lat'>26,</span> <span class='ocrx_word' id='word_1_383' title='bbox 1581 4091 1614 4144; x_wconf 84' lang='lat'>3</span> <span class='ocrx_word' id='word_1_384' title='bbox 1635 4091 1789 4144; x_wconf 66' lang='lat' dir='ltr'>add.</span> <span class='ocrx_word' id='word_1_385' title='bbox 1819 4093 2100 4148; x_wconf 74' lang='lat' dir='ltr'>Herodian.</span> <span class='ocrx_word' id='word_1_386' title='bbox 2128 4097 2221 4160; x_wconf 81' lang='lat' dir='ltr'>IV,</span> <span class='ocrx_word' id='word_1_387' title='bbox 2252 4115 2296 4165; x_wconf 83' lang='lat'>7.</span> 
     </span>
    </p>
   </div>
   <div class='ocr_carea' id='block_1_7' title="bbox 2337 1526 2401 1559">
    <p class='ocr_par' dir='ltr' id='par_1_9' title="bbox 2337 1526 2401 1559">
     <span class='ocr_line' id='line_1_38' title="bbox 2337 1526 2401 1559; baseline 0 0"><span class='ocrx_word' id='word_1_388' title='bbox 2337 1526 2401 1559; x_wconf 76' lang='lat'>22</span> 
     </span>
    </p>
   </div>
   <div class='ocr_carea' id='block_1_8' title="bbox 2341 2433 2407 2487">
    <p class='ocr_par' dir='ltr' id='par_1_10' title="bbox 2341 2433 2407 2487">
     <span class='ocr_line' id='line_1_39' title="bbox 2341 2433 2407 2487; baseline -0.015 0"><span class='ocrx_word' id='word_1_389' title='bbox 2341 2433 2407 2487; x_wconf 78' lang='lat'>23</span> 
     </span>
    </p>
   </div>
  </div>
 </body>
</html>
