2667 4475
376 330 513 418 450
1160 321 1731 391 EXCERPTA

376 455 745 530 verisimile
782 453 1003 522 statim
1041 474 1281 520 verum
1330 466 1470 537 est,
1523 451 1698 520 sicut
1752 467 1822 519 et
1869 454 2115 546 saepius
2148 454 2336 547 quod
2373 462 2528 551 pri-

378 599 561 644 mum
582 567 983 639 incredibile
1002 566 1299 649 videtur,
1330 591 1468 636 non
1488 569 1811 636 continuo
1840 568 2080 638 falsum
2099 586 2228 638 est.
2257 573 2536 642 Crebro

379 692 434 760 si
472 689 747 782 quidem
780 685 1020 754 faciem
1050 682 1389 754 mendacii
1421 687 1670 753 veritas
1711 687 1984 754 retinet.
2019 688 2284 758 Crebro
2320 715 2536 758 men-

380 807 645 877 dacium
686 805 911 898 specie
948 803 1252 872 veritatis
1290 802 1650 871 occulitur.
1711 805 1881 872 Nam
1927 806 2102 874 sicut
2147 805 2540 899 aliquando

378 923 639 992 tristem
691 919 981 988 frontem
1028 919 1324 1001 amicus,
1371 934 1438 985 et
1475 917 1797 988 blandam
1828 920 2138 990 adulator
2174 921 2530 1004 ostendit,

380 1038 478 1104 sic
500 1030 1096 1104 verisimilitudine
1125 1031 1463 1104 coloratur
1487 1033 1762 1112 veritas,
1795 1050 1864 1104 et
1882 1049 1956 1102 ut
1980 1034 2166 1106 fallat
2185 1085 2210 1120 ,
2239 1034 2356 1104 vel
2383 1059 2536 1102 sur-

380 1167 573 1247 repat
592 1202 615 1238 ,
655 1152 1020 1220 coloratur.
1061 1150 1134 1218 Si
1166 1147 1469 1244 prudens
1495 1173 1644 1220 esse
1668 1153 1896 1248 cupis,
1931 1155 2005 1220 in
2029 1153 2340 1220 futurum
2368 1176 2536 1246 pro-

381 1285 683 1363 spectum
718 1264 997 1336 intende
1017 1316 1040 1353 ,
1084 1281 1154 1334 et
1205 1288 1355 1357 quae
1393 1283 1674 1359 possunt
1712 1270 2108 1362 contingere
2140 1271 2376 1337 animo
2416 1287 2538 1337 tuo

381 1401 623 1456 cuncta
661 1409 989 1480 propone.
1030 1383 1221 1452 Nihil
1269 1382 1395 1450 tibi
1435 1383 1731 1453 subitum
1778 1387 1863 1454 sit
1887 1437 1906 1469 ,
1957 1383 2080 1454 scd
2117 1402 2336 1455 totum
2370 1405 2534 1454 ante

380 1504 785 1597 conspicies.
834 1503 1004 1570 Nam
1043 1500 1161 1592 qui
1200 1497 1503 1591 prudens
1541 1517 1642 1568 est
1675 1522 1815 1568 non
1853 1499 2022 1568 dicit
2047 1552 2066 1585 ,
2111 1525 2250 1569 non
2292 1503 2532 1595 putavi

382 1614 659 1709 quidem
686 1616 820 1684 hoc
848 1613 1037 1697 fieri,
1082 1614 1245 1705 quia
1268 1637 1407 1681 non
1448 1611 1754 1698 dubitat,
1798 1613 1919 1682 sed
1957 1631 2306 1708 exspectat
2345 1643 2362 1682 :
2403 1639 2534 1682 nec

384 1735 790 1827 suspicatur,
820 1731 939 1800 sed
960 1745 1177 1799 cavet.
1205 1731 1709 1822 cujuscumque
1735 1732 1892 1799 facti
1922 1755 2188 1799 causam
2217 1733 2532 1824 require;

321 1845 327 1850 ’
382 1873 589 1942 quum
610 1848 809 1916 initia
836 1848 1202 1929 inveneris,
1230 1847 1446 1915 exitus
1473 1847 1827 1941 cogitabis.
1854 1849 2036 1916 Scito
2064 1865 2130 1916 te
2155 1849 2534 1941 inquibus-

384 1964 540 2032 dam
590 1962 843 2032 debere
891 1986 1332 2054 perseverare
1355 2011 1373 2043 ,
1435 1965 1597 2053 quia
1645 1963 1951 2056 coepisti,
2003 1963 2316 2056 quaedam
2365 1989 2534 2033 vero

384 2101 515 2149 nec
539 2079 847 2170 incipere
864 2125 889 2161 ,
922 2077 995 2143 in
1022 2075 1270 2167 quibus
1295 2099 1737 2168 perseverare
1765 2079 1853 2144 sit
1877 2079 2179 2146 noxium.
2213 2078 2536 2146 Prudens

388 2191 623 2263 fallere
656 2215 799 2261 non
829 2189 977 2261 vult
993 2240 1016 2276 ,
1058 2188 1201 2259 fani
1235 2213 1374 2258 non
1405 2205 1654 2281 potest.
1697 2190 1867 2259 Boni
1903 2204 2007 2257 cst
2040 2191 2176 2258 viri
2211 2193 2426 2261 etiam
2461 2195 2532 2261 in

387 2324 604 2381 morte
636 2308 978 2378 neminem
1014 2305 1272 2375 fallere.
1312 2306 1691 2398 opiniones
1723 2322 1855 2373 tuae
1883 2303 2146 2397 judicia
2179 2307 2348 2375 sint.
2385 2312 2534 2377 Co·-

388 2425 747 2519 gitationes
772 2446 977 2516 vagas
996 2470 1017 2503 ‚
1052 2436 1124 2489 et
1153 2420 1464 2504 inutiles,
1497 2436 1567 2489 et
1595 2420 1784 2489 velut
1815 2422 2074 2489 somnio
2103 2422 2376 2491 similes
2389 2448 2530 2493 non

384 2544 675 2636 recipies
693 2589 716 2624 ,
755 2540 1005 2633 quibus
1043 2540 1112 2606 ‘si
1154 2539 1427 2611 animus-
1470 2555 1624 2607 tuus
1665 2563 1736 2607 se
1777 2537 2222 2608 oblectaverit
2243 2590 2268 2624 ‚
2313 2566 2530 2633 quum

387 2659 613 2727 omnia
644 2655 1060 2749 disposueris
1084 2698 1105 2737 ‚
1162 2656 1378 2723 tristis
1411 2655 1804 2725 remanebis
1841 2682 1858 2721 ε
1897 2656 2020 2723 sed
2057 2658 2382 2749 cogitatio
2417 2678 2528 2729 tua

390 2771 649 2841 stabilis
698 2786 769 2839 et
820 2786 1007 2839 certa
1054 2770 1180 2853 sit,
1240 2771 1385 2839 sive
1431 2769 1768 2840 deliberet
1789 2820 1810 2853 ,
1853 2772 1998 2839 sive
2039 2790 2343 2865 quierat,
2388 2779 2528 2845 sive

388 2886 912 2982 contempletur,
957 2909 1111 2956 non.
1136 2884 1413 2955 recedat
1445 2911 1486 2955 a
1523 2910 1712 2955 vero.
1765 2890 2000 2957 Sermo
2021 2878 2025 2882 ¹
2049 2913 2328 2982 quoque
2373 2908 2530 2960 tuus

386 3028 523 3074 non
554 3005 645 3071 sit
678 3003 937 3085 inanis,
972 3000 1095 3071 sed
1122 3014 1241 3071 aut
1270 2999 1554 3071 suadeat
1575 3052 1595 3084 ,
1636 3017 1756 3070 aut
1789 3019 2094 3086 moneat,
2135 3020 2256 3072 aut
2293 3028 2532 3075 conso-

384 3120 591 3203 letur,
620 3135 737 3188 aut
757 3117 1133 3212 praecipiat.
1167 3115 1401 3193 Lauda
1421 3140 1628 3210 parce
1645 3168 1664 3201 ‚
1691 3118 2002 3211 vitupera
2034 3120 2333 3212 parcius.
2359 3126 2528 3190 Nam

388 3234 697 3311 similiter
730 3230 1291 3325 reprehensibilis
1325 3247 1429 3300 est
1464 3234 1674 3303 nimia
1703 3231 2001 3302 laudatio
2021 3284 2040 3317 ‚
2084 3250 2162 3302 ut
2191 3237 2530 3306 immode-

388 3367 535 3420 rata
556 3348 991 3442 vituperatio.
1022 3344 1149 3417 Illa
1174 3347 1231 3415 si
1261 3344 1536 3438 quidem
1562 3344 1952 3416 adulatione
1969 3398 1994 3432 ‚
2031 3348 2160 3417 ista
2195 3350 2526 3446 maligni·-

384 3484 521 3536 tate
580 3480 887 3558 suspecta
936 3479 1039 3533 est
1062 3514 1081 3547 ‚
1136 3462 1588 3531 testimonium
1643 3464 1909 3533 veritati
1939 3514 1957 3546 ,
2017 3488 2151 3533 non
2207 3468 2526 3537 amicitiae

387 3581 664 3653 reddes.
696 3583 867 3651 Cum
904 3578 1448 3649 consideratione
1481 3578 1836 3670 promitte,
1877 3579 2148 3673 plenius
2177 3606 2332 3674 quae
2365 3608 2532 3676 pro-

387 3700 653 3771 miseris
687 3713 953 3792 praesta.
995 3697 1067 3767 si
1104 3692 1408 3790 prudens
1439 3710 1544 3763 est
1575 3696 1842 3765 animus
1875 3711 2066 3783 tuus,
2105 3699 2334 3769 tribus
2365 3717 2532 3770 tem-

386 3814 672 3912 poribus
706 3813 1161 3910 dispensetur.
1196 3808 1560 3883 Praesentia
1595 3809 1838 3881 ordina
1855 3862 1876 3899 ,
1917 3813 2146 3883 futura
2180 3816 2490 3908 praevide
2507 3870 2523 3899 ‚

387 3926 735 4027 praeterita
768 3929 1154 4001 recordare.
1195 3932 1369 3999 Nam
1407 3929 1526 4021 qui
1567 3927 1668 3995 nil
1717 3926 1804 3997 de
1841 3930 2192 4023 praeterito
2227 3934 2484 4025 cogitat
2507 3983 2526 4007 .

386 4048 614 4143 perdit
642 4050 885 4133 vitam,
924 4048 1043 4139 qui
1078 4047 1177 4117 nil
1218 4044 1305 4115 de
1341 4046 1572 4116 futuro
1601 4044 2154 4139 prtia-meditatur,
2191 4050 2266 4115 in
2305 4050 2528 4117 omnia
