2667 4475
704 288 1000 367 NOVA
1045 292 1750 367 FRAGMENTA.
2171 292 2304 388 409

168 448 295 507 nec
322 442 466 497 tuto
492 427 799 522 epistulis
826 429 1044 496 omnis
1072 426 1348 519 querela
1379 426 1818 495 committitur
1847 470 1865 507 ,
1901 434 1969 492 et
1996 421 2307 516 inexplo-

168 562 311 614 rata
353 545 613 630 fronte,
668 567 801 638 per
842 566 1045 637 quam
1098 544 1488 638 produntur
1537 543 1782 629 animi,
1837 544 2176 611 incertum
2204 552 2308 609 est

167 688 371 757 quam
392 662 792 757 simpliciter
818 662 1173 757 detegatur
1194 662 1325 750 ira,
1359 684 1566 755 quam
1590 660 1731 731 fide
1759 655 1798 756 ΙΙ
1827 658 1984 728 liter
2011 656 2302 727 desinat.

166 782 279 851 Sic
312 782 525 849 amico
541 785 559 815 ¹
605 776 1021 873 judicaturus
1067 782 1314 846 audeus
1345 800 1386 845 a
1417 790 1752 871 pra-,sente
1792 770 2150 845 secumdum
2183 770 2312 842 ab·

166 910 426 963 sentem
461 893 601 963 det.
1180 978 1185 986 ι

262 1008 599 1103 Quisquis
620 1030 695 1075 re
720 1006 1027 1075 consulta
1051 1006 1141 1074 ri.
1161 1057 1178 1075 .
1199 1056 1218 1073 .
1244 1055 1261 1073 .
1284 1004 1680 1073 contrahat²
1700 1002 2070 1097 plurimum
2087 1000 2314 1095 operis

164 1128 329 1195 facit
354 1152 378 1195 -:
411 1128 485 1193 in
516 1148 661 1193 rem
684 1116 1127 1217 praesentem³
1152 1121 1485 1217 perducat
1509 1122 1825 1190 amicum.
1841 1116 2314 1212 Quemadmoe

165 1241 331 1309 dum
368 1241 581 1309 multa
614 1262 903 1332 quorum
936 1240 1011 1307 in
1044 1239 1348 1308 tenebris
1375 1237 1660 1307 audacia
1691 1253 1793 1305 est
1815 1286 1836 1319 ‚
1877 1234 2032 1304 luce
2059 1232 2314 1326 prohi-

164 1356 457 1443 bentur3
497 1357 591 1422 ita
615 1404 635 1437 ,
673 1378 825 1447 quae
854 1354 1167 1423 absentes
1196 1354 1474 1422 irritant
1499 1367 1570 1421 et
1595 1351 1940 1420 concitant
1959 1400 1985 1437 ,
2017 1348 2109 1418 ad
2131 1372 2314 1443 pm-

138 1474 455 1541 'sentiam
488 1494 627 1540 non
660 1470 919 1539 ferunt.
956 1472 1308 1565 Optimum
1341 1484 1444 1539 est
1477 1470 1710 1560 itaque
1730 1516 1754 1554 ,
1805 1466 2007 1535 etiam
2037 1465 2108 1533 ‘si
2142 1462 2314 1557 quid

166 1610 303 1680 neg
336 1584 369 1685 ΙΙ
400 1588 738 1681 legentius
771 1588 1299 1681 praetermissum
1334 1602 1437 1655 est
1464 1635 1480 1653 .
1511 1636 1528 1653 .
1557 1635 1577 1653 .
1605 1635 1624 1652 .
1658 1585 1758 1669 bu
1779 1634 1798 1652 .
1823 1606 1915 1651 an
1938 1633 1955 1652 .
1975 1606 2051 1650 u.
2098 1576 2114 1679 Ι
2155 1581 2308 1650 fac-
2372 1608 2388 1623 ·

166 1722 312 1775 tum
342 1728 459 1775 ere
491 1756 685 1774 .....
704 1728 835 1775 con
877 1700 893 1802 Ι
933 1720 1242 1798 putatum
1278 1755 1295 1772 .
1320 1754 1337 1772 .
1367 1702 1584 1773 ‚verbi
1614 1752 1631 1770 .
1699 1696 1717 1799 Ι
1767 1752 1784 1770 .
1809 1752 1828 1769 .
1850 1752 1867 1770 .
1895 1750 1912 1768 .
1943 1698 2114 1768 inid
2137 1714 2312 1768 tem-.

165 1814 1867 1917 pus...1n1q.opossit....n0b.lle..lem;
1895 1865 2189 1886 .......
2221 1837 2314 1884 ne

208 1945 225 2041 Ι
262 1970 436 2043 pens
462 1946 550 2015 ad
581 1998 599 2015 .
635 1998 651 2013 .
690 1946 842 2015 nari
872 1998 888 2013 .
921 1996 938 2014 .
974 1945 1073 2013 si.
1104 1968 1273 2037 prae
1314 1940 1331 2041 Ι
1372 1959 1560 2013 terea
1593 1948 1916 2011 sinceram
1945 1942 2314 2011 amicitiam

170 2062 369 2133 decet
402 2080 478 2131 ut
513 2065 660 2131 sine
696 2064 1015 2131 cioetrice
1044 2078 1344 2131 sanetur.

265 2180 671 2274 Quaeramus
704 2178 1208 2250 evenientibus
1258 2178 1428 2272 quid
1470 2176 1784 2248 absentes
1824 2193 2029 2273 agant
2046 2226 2070 2263 ‚
2113 2173 2312 2245 dehi-

168 2295 433 2363 toribus
486 2295 759 2364 illorum
806 2295 1131 2362 instemus
1152 2343 1174 2380 ,
1230 2292 1685 2362 creditoribus
1733 2289 2260 2385 respondeamus
2281 2338 2308 2378 ‚

170 2409 473 2478 inimicis
512 2408 898 2478 resistamus
932 2434 949 2474 ι
984 2408 1042 2474 si
1069 2423 1186 2475 aut
1384 2467 1388 2470 .

266 2646 364 2727 Π.
406 2643 735 2738 Quaeritis
769 2669 785 2711 ι
820 2645 1050 2736 itaque
1078 2655 1415 2714 momento
1449 2639 1763 2708 amicitiae
1787 2651 2028 2708 vestrae
2055 2635 2314 2706 exoles-

170 2777 339 2830 cunt
370 2783 657 2857 quarum
690 2782 877 2828 mens
911 2773 1030 2827 aut
1064 2761 1331 2827 animus
1362 2759 1613 2852 pignus
1648 2773 1774 2825 est.

270 2880 423 2948 Una
449 2877 909 2972 peregrinatio
936 2877 1160 2944 eradit
1182 2876 1410 2944 animo
1434 2877 1548 2968 jus
1582 2898 1782 2944 omne
1819 2899 1834 2940 τ
1872 2877 1930 2942 si
1958 2895 2120 2944 vero
2153 2872 2314 2940 lon-

174 2997 330 3090 gior
362 2992 512 3062 haec
546 3009 649 3062 est
677 3010 745 3062 et
772 2993 1239 3086 longinquior,
1275 2992 1530 3061 excidit
1557 2992 1800 3061 notitia
1829 3013 2139 3084 quoque,
2177 3011 2318 3057 non

170 3126 437 3178 tantum
483 3111 804 3178 amicitia.
861 3110 1071 3204 Quod
1104 3133 1194 3178 ne
1224 3110 1445 3203 possit
1477 3108 1793 3177 accidere
1813 3157 1834 3191 ,
1885 3107 2071 3177 omni
2109 3127 2316 3200 opera

170 3227 486 3295 sistamus
506 3275 529 3312 ‚
571 3242 640 3294 et
674 3225 1049 3318 fugientem
1092 3227 1487 3295 memoriam
1521 3201 1974 3294 reducamus:
2007 3238 2312 3308 utamur,

173 3359 254 3410 ut
286 3344 360 3410 in
392 3345 611 3436 prima
636 3359 828 3436 parte
865 3343 1199 3428 dicebam,
1238 3339 1272 3438 ΙΙ
1304 3343 1515 3412 animi
1543 3341 1900 3411 velocitate
1918 3393 1939 3426 ‚
1974 3341 2315 3411 neminem

176 3585 401 3640 iustitiis
419 3599 782 3661 comparentes,
808 3589 1013 3662 dempto
1032 3601 1201 3642 tamen
1300 3592 1488 3642 rixam
1523 3587 1804 3663 supplendo
1853 3587 2068 3642 seribere
2090 3625 2108 3655 ,
2155 3605 2319 3658 neque

174 3664 311 3716 folio
335 3683 397 3716 ιο
412 3700 427 3730 ,
450 3683 493 3716 ι·.
518 3663 659 3735 quod
678 3663 777 3719 situ
790 3667 1077 3720 confectum
1096 3679 1169 3720 est
1184 3703 1199 3732 ,
1300 3665 1577 3722 litterarum
1599 3666 1812 3738 vestigia
1833 3666 2218 3721 adversarentur
2237 3682 2252 3718 ε
2269 3677 2322 3718 st

14 3762 18 3779 ³
132 3776 137 3787 ·
176 3741 331 3794 facile
358 3742 612 3815 leguntur.
1298 3765 1405 3816 quo
1417 3742 1596 3798 sensu?
1611 3742 2319 3814 verbisplnrimumopen‘siu

256 3837 271 3867 ι
284 3855 297 3868 .
318 3819 521 3872 Ama-o.
547 3817 631 3873 Sic
652 3821 826 3894 scripsi
841 3821 957 3890 quia
980 3833 1095 3872 ante
1106 3827 1203 3885 iu·
1300 3825 1582 3878 membran.
1593 3824 1980 3898 supersuiptum
1995 3833 2070 3875 est
2079 3824 2318 3874 multum.

179 3897 327 3960 dica,
345 3896 577 3950 voe-buli
590 3897 849 3970 reliquias,
871 3899 987 3952 due
1008 3910 1204 3951 tantum
1367 3903 1416 3956 3.
1441 3903 1512 3954 In
1551 3921 1660 3955 rem
1687 3911 2013 3971 pra-semem.
2027 3899 2217 3951 Seneca
2253 3897 2320 3950 ad

180 3973 371 4028 littera
388 3993 637 4048 oppressa
652 3989 785 4032 sunt.
1301 3979 1464 4034 Lucil.
1497 3981 1592 4052 Ep.
1615 3995 1692 4045 lv,
1713 4001 1762 4050 p.
1791 3981 1850 4044 14
1873 4014 1886 4040 ‚
1913 3977 1989 4030 ed.
2013 3977 2126 4049 Rip.
2155 3997 2184 4023 α
2201 3975 2320 4028 Plus

252 4073 297 4104 2.
334 4053 455 4106 ΠΙ...
476 4056 762 4110 contrahat.
798 4055 1043 4111 Perfacile
1083 4069 1209 4110 esset
1304 4056 1402 4110 tibi
1433 4064 1488 4108 et
1513 4057 1630 4109 viva
1663 4075 1760 4110 vox
1801 4067 1848 4108 et
1875 4054 2128 4108 convietus
2166 4071 2318 4125 quun

2383 673 2521 742 .,„
2554 665 2602 719 ,⁴1

2382 3369 2432 3402 m
2465 3367 2523 3421 9¹
2567 3345 2621 3403 ⁰d
