2667 4475
387 314 524 381 626
1117 304 1421 373 JUSTI
1469 304 1785 373 LIPSII

379 452 602 527 leviter,
639 465 706 511 ut
731 450 902 513 Stoici
937 449 1012 509 ab
1043 449 1170 509 aliis
1207 446 1507 507 discedant
1553 471 1571 505 ε
1612 459 1671 507 et
1698 448 1895 529 siquid
1939 450 2057 509 tale
2079 494 2098 523 ,
2148 448 2235 509 ad
2280 446 2569 509 Senem

378 562 522 622 nihil
553 560 740 619 facere
781 557 1103 637 comperior
1117 596 1136 627 ‚
1171 576 1345 635 quem
1372 553 1465 613 his
1498 554 2009 615 Dissertationibus
2040 556 2449 617 illustramus.
2484 557 2567 617 De

383 668 656 747 Tempore
675 666 862 725 dicam
882 708 900 737 ,
924 662 1080 745 quod
1097 676 1286 722 tamen
1303 663 1583 744 originem
1607 660 1779 721 habet
1798 683 1875 721 ex
1894 662 2085 723 Motu.
2108 663 2321 725 Varro
2340 662 2477 747 (IV
2498 664 2563 724 de

377 774 543 855 Ling.
578 768 741 852 Lat.)
761 794 780 829 τ
811 796 838 824 οι
865 768 1054 829 Status
1075 780 1130 829 et
1153 768 1347 827 Motus
1370 768 1507 827 duo.
1530 767 1698 843 Quod
1720 780 1831 827 stat
1856 782 1957 829 aut
1978 772 2267 852 agitatur,
2300 770 2558 853 Cot-pun

375 880 476 939 ubi
505 881 786 962 agitatur,
821 876 1035 947 Locus3
1069 876 1210 935 dum
1249 876 1529 957 agitatur,
1560 876 1852 956 Tempus;
1886 874 2047 957 quod
2076 890 2175 937 ωε
2206 878 2273 935 in
2306 880 2551 959 agium.

379 989 564 1048 Actio.
597 1014 626 1039 ι»
663 985 744 1045 Et
779 984 1136 1067 singulorum
1165 984 1266 1043 dat
1295 983 1561 1064 exempla
1592 1006 1611 1042 ε
1648 1010 1677 1037 α
1706 983 1949 1057 Cursor,
1996 982 2275 1045 Stadium
2296 1028 2318 1057 ‚
2358 985 2547 1055 Hora,

375 1095 597 1155 Cursio.
627 1120 656 1147 n
705 1093 908 1174 Itaque
943 1091 1208 1173 plerique
1245 1111 1447 1149 omnes
1490 1092 1591 1169 qui
1630 1090 1885 1173 Tempus
1934 1089 2235 1151 definiunt
2248 1134 2269 1163 ,
2320 1112 2363 1148 a
2396 1090 2547 1149 Mon

373 1202 662 1285 explicant
677 1244 694 1275 ,
725 1212 782 1259 et:
803 1199 955 1259 hunc
978 1196 1308 1268 includunt;
1342 1210 1407 1256 ut
1430 1198 1762 1259 Aristoteles
1789 1221 1805 1255 ε
1836 1196 2231 1257 «Mansuram
2263 1218 2405 1256 &se
2430 1218 2543 1255 mo-

368 1324 460 1369 tus
479 1354 496 1384 ‚
530 1322 588 1369 et
613 1328 921 1369 numerum
963 1304 1276 1366 secundum
1312 1306 1473 1387 prius
1506 1316 1567 1365 et
1592 1305 1894 1386 posterius.
1925 1331 1953 1357 u
1986 1304 2073 1365 Ut
2100 1303 2293 1363 Stoici
2322 1306 2501 1363 nostri
2520 1348 2536 1375 ,

367 1417 576 1498 quibus
619 1428 705 1476 est
745 1418 1006 1496 διάστημα
1047 1425 1138 1481 τῆς
1179 1422 1272 1473 τοῦ
1301 1416 1499 1493 κόσμου
1530 1420 1811 1482 ansuinum
1848 1409 2004 1491 quod
2030 1410 2235 1471 Varro
2260 1412 2539 1471 verbatim

365 1521 619 1584 reddidit
643 1521 738 1605 (V
767 1521 842 1581 de
865 1519 1036 1601 ,Lingu
1062 1514 1251 1598 Lat.),
1289 1542 1316 1570 α
1344 1516 1717 1577 Intervallum
1740 1516 1943 1577 mundi
1964 1528 2229 1577 motus.-
2263 1517 2331 1577 Is
2357 1530 2537 1577 auton

363 1642 550 1688 motus
593 1628 668 1687 ab
706 1626 852 1687 Solis
895 1638 953 1686 et
995 1624 1168 1683 Lunae
1201 1645 1375 1683 cursu
1408 1625 1661 1683 maxime
1699 1622 1985 1693 innotuit,
2022 1620 2459 1705 divisimusquc
2482 1626 2537 1681 in

363 1746 554 1815 partes
585 1757 603 1791 ε
637 1733 767 1793 ideo
795 1730 903 1814 (ait
929 1732 1080 1791 idem
1109 1727 1318 1811 Varro)
1353 1756 1381 1783 ιι
1406 1730 1479 1789 ab
1508 1728 1711 1789 eodem
1736 1740 1936 1789 tenore
1964 1740 2333 1809 temperato,
2360 1730 2535 1789 Teni-

365 1862 475 1921 pus
505 1839 742 1898 dictum.
776 1838 1098 1917 Utramque
1140 1832 1288 1896 lianc
1330 1849 1525 1897 tamen
1566 1837 1883 1897 finitionem
1901 1880 1919 1909 ‚
1952 1836 2289 1897 Aristotelis
2326 1837 2457 1897 dico
2482 1850 2533 1895 rt

369 1946 686 2006 Stoicorum
701 1987 718 2016 ,
750 1942 1088 2003 Plutarchus
1110 1988 1126 2019 ‚
1159 1945 1345 2024 carpit
1369 1964 1443 2002 an
1484 1943 1782 2004 cavillatur
1802 1987 1820 2017 ‚
1850 1944 1911 2001 in
1935 1942 2377 2016 Quaestionibus
2412 1944 2533 2002 Pla-

367 2052 571 2112 tonicis
601 2075 616 2109 ε
641 2052 778 2133 quia
820 2049 938 2111 haec
979 2052 1054 2109 ab
1089 2076 1117 2104 ιι
1144 2049 1439 2109 accidente
1468 2050 1689 2109 tantum
1718 2062 1839 2123 est,
1872 2050 2099 2130 inquit,
2132 2052 2455 2111 essentiam
2478 2064 2527 2109 et

366 2160 482 2219 vim
506 2158 778 2239 temporis
801 2178 916 2216 non
941 2156 1171 2238 promit.
1198 2182 1227 2209 a»
1259 2154 1461 2238 Itaque
1491 2155 1713 2214 Platoni
1741 2156 1923 2240 magis
1951 2154 2210 2215 adhaeret
2230 2200 2249 2230 ‚
2284 2159 2393 2240 qui
2418 2160 2529 2215 ait-

362 2267 493 2340 bat,
525 2270 710 2349 χρόνον
740 2266 868 2326 εἶναι
893 2270 1078 2334 αἰῶνος
1111 2267 1282 2324 εἰκόνα
1311 2267 1513 2328 κινητὴν
1545 2268 1631 2324 καὶ
1663 2267 1752 2327 τὴν
1784 2275 1873 2324 τοῦ
1900 2269 2116 2346 οὐρανοῦ
2146 2270 2351 2346 φοράν,
2384 2277 2447 2323 ut
2470 2266 2521 2322 in

367 2370 590 2432 Laertio
620 2370 798 2454 legas.
841 2369 919 2428 Et
945 2369 1226 2454 Apuleius
1253 2369 1427 2428 vertit
1456 2363 1555 2450 (de
1584 2369 1794 2451 Dogm.
1832 2365 2041 2449 Plan),
2080 2395 2110 2420 «ι
2136 2368 2407 2451 Tempus
2431 2371 2523 2428 avi

369 2501 493 2540 esse
533 2479 880 2562 imaginem3
927 2479 976 2535 si
1021 2474 1256 2558 quidem
1293 2487 1523 2562 tempus
1552 2487 1835 2548 movetur,
1874 2487 1932 2534 et
1962 2477 2301 2556 perennitas
2330 2478 2449 2536 fixa
2472 2491 2523 2534 et

367 2587 604 2644 immota
645 2595 732 2644 est
773 2595 995 2642 natura.
1028 2608 1055 2634 n
1103 2579 1179 2639 Et
1217 2593 1334 2652 est,
1372 2593 1437 2639 ut
1470 2578 1807 2640 Plutarchus
1834 2581 1987 2654 vult,
2024 2609 2053 2634 u
2079 2582 2345 2664 Tempus
2363 2629 2382 2658 ,
2414 2607 2521 2643 non

367 2692 776 2770 cujuscumque
813 2700 1001 2748 motus
1039 2688 1276 2746 affectus
1321 2700 1422 2746 aut
1452 2687 1748 2758 accidens3
1784 2686 1886 2746 sed
1923 2709 2095 2748 causa
2112 2731 2129 2762 ,
2180 2691 2273 2749 vis
2296 2693 2517 2772 princi-

367 2801 530 2880 pium
558 2798 748 2858 omnia
777 2796 1120 2856 continentis
1149 2771 1493 2876 symmetriae
1536 2809 1593 2854 et
1637 2795 1853 2856 ordinis
1874 2840 1891 2870 ,
1935 2819 2049 2878 qua
2080 2797 2365 2858 Universi
2392 2803 2517 2858 ani-

369 2919 520 2966 mata
546 2915 750 2966 natura
777 2915 1039 2964 movetur
1063 2923 1078 2962 =
1104 2914 1203 2961 aut
1228 2903 1453 2983 potius,
1485 2903 1661 2961 motio
1690 2901 1819 2976 illa,
1853 2915 1913 2962 et
1938 2903 2081 2962 ordo
2098 2948 2115 2977 ,
2160 2917 2227 2963 et
2260 2928 2513 2989 symme-

367 3015 502 3086 tria,
531 3013 784 3092 Tempus
813 3011 1039 3070 dicitur.
1067 3036 1094 3062 υ
1129 3009 1337 3070 Probat
1360 3010 1534 3091 igitur
1557 3007 1885 3092 Pythagorae
1908 3010 2127 3070 dictum
2146 3011 2508 3098 interrogati,

365 3129 432 3182 Τι’
453 3124 676 3203 χρόνος;
705 3125 736 3185 ἡ
756 3124 950 3200 κόσμου
975 3120 1123 3198 ψυχὴ
1147 3115 1547 3198 respondentis
1568 3138 1585 3174 ε
1618 3141 1645 3168 «ι
1666 3115 1819 3192 Quid
1839 3117 2137 3200 Tempus?
2156 3121 2371 3182 mundi
2392 3125 2513 3182 ani-

365 3249 479 3286 ma.
513 3253 540 3280 n
576 3227 689 3286 Ista
721 3239 778 3286 et
803 3225 970 3306 plura
1012 3223 1349 3282 Plutarchus
1370 3267 1388 3296 ,
1425 3223 1485 3282 in
1514 3233 1771 3303 tempore
1800 3225 1904 3283 tibi
1934 3225 2184 3286 videnda
2216 3251 2236 3284 ε
2270 3231 2447 3290 nostri
2478 3252 2507 3288 a

360 3354 424 3392 re
452 3345 511 3391 et
537 3345 736 3391 natura
765 3331 946 3412 magis
975 3329 1310 3390 abstrahunt
1329 3373 1347 3402 ‚
1376 3341 1435 3388 et
1459 3330 1607 3388 circa
1636 3351 1763 3390 eam
1789 3329 2067 3391 duntaxat
2112 3347 2365 3413 ponunt.
2402 3336 2511 3395 Ita-

360 3459 473 3519 que
504 3436 856 3517 Chrysippus
887 3438 1054 3494 etiam
1092 3434 1403 3494 definiebat
1430 3433 1621 3516 (Stob.
1657 3433 1860 3517 Phys.)
1891 3460 1907 3495 ε
1944 3463 1973 3490 α
2000 3459 2333 3500 mensuram
2363 3443 2505 3501 αριθ-

361 3547 542 3605 ritatis
573 3556 631 3602 ct
657 3543 956 3604 tarditatis.
991 3569 1019 3596 υ
1051 3517 1191 3616 Quae
1221 3541 1581 3602 definitiones
1602 3563 1833 3604 sensum
1852 3557 2109 3604 nosti-um
2130 3545 2209 3606 de
2228 3547 2505 3630 Tempore

358 3654 540 3737 magis
559 3652 888 3732 exprimunt
904 3695 920 3724 ,
939 3671 1114 3732 quam
1125 3651 1336 3730 ipsum.
1358 3648 1543 3710 Immo
1560 3669 1699 3712 vero
1718 3673 1833 3712 non
1856 3653 1966 3712 nisi
1988 3653 2051 3710 in
2072 3665 2273 3712 nostra
2292 3657 2501 3716 ratione

356 3774 415 3822 et
431 3759 861 3822 ratiocinatione
891 3757 1123 3840 quidam
1154 3757 1297 3817 illud
1323 3759 1617 3839 ponebant
1634 3803 1651 3832 ,
1684 3759 2126 3842 quaerebantque
2145 3785 2164 3818 ε
2186 3761 2285 3822 An
2312 3785 2497 3824 revera

352 3867 606 3948 Tempus
639 3865 826 3926 esset?
875 3862 1046 3946 Apud
1079 3865 1355 3924 Senecam
1384 3861 1612 3946 (Epist.
1648 3863 1959 3948 Lxxxvm)
1987 3888 2007 3923 ε
2040 3891 2071 3920 ιι
2098 3865 2191 3926 De
2220 3868 2497 3950 Tempore

353 3995 469 4033 uno
507 3973 640 4034 vide
678 3993 848 4054 quam
893 3971 1075 4031 multa
1105 3981 1448 4052 quaeranmr.
1485 3969 1739 4031 Primum
1770 3991 1843 4030 an
1884 3991 1991 4053 per
2028 3993 2093 4032 se
2134 3976 2213 4033 sit
2236 3975 2495 4056 aliquid?

351 4075 557 4137 deinde
575 4123 592 4153 ‚
625 4101 710 4137 an.
730 4077 948 4159 aliquid
973 4089 1104 4136 ante
1129 4075 1385 4157 Tempus
1414 4077 1523 4150 sit,
1556 4078 1603 4135 si
1626 4075 1878 4158 Tempus
1900 4096 2031 4138 cum
2052 4077 2272 4140 mundo
2288 4081 2493 4162 coepit?
