2667 4475
502 350 1010 419 PHYsmL.
1064 347 1584 421 s'rolcon.
1634 352 1827 423 Lm.
1878 354 1935 420 1.
2122 356 2257 449 527

110 496 366 579 probum
396 490 644 575 aliquem
669 494 866 553 finem.
897 493 1248 575 Augustinus
1273 491 1389 576 (IV
1409 492 1501 553 De
1526 494 1695 553 Civit.
1726 516 1854 576 cap.
1883 492 1949 577 3)
1978 516 1996 553 ε
2032 520 2063 549 «ι
2086 492 2261 557 ,Iustis

113 601 408 685 quidquid
433 602 713 661 malornm
739 600 1023 682 irrogatur
1041 644 1059 674 ‚
1095 620 1212 662 non
1239 614 1326 663 est
1356 619 1527 683 poena
1550 600 1809 662 criminis
1830 645 1849 676 ‚
1894 600 2001 663 sed
2040 602 2264 665 virtutis

119 730 389 771 examen.
421 734 450 761 ι»
483 706 710 789 Sti-ingo
735 750 752 780 ,
785 708 892 767 etsi
919 709 982 767 in
1007 707 1123 767 lato
1151 707 1226 767 ad
1251 729 1481 769 cursum
1502 728 1705 791 campo
1732 730 1750 766 ε
1782 706 1893 766 alia
1912 728 2017 769 nos
2034 722 2257 771 vocant.

117 815 275 874 Am).
295 808 422 895 Ego
435 824 627 872 tamen
655 811 859 873 leviter
885 824 1052 873 teneo
1066 856 1083 888 ,
1117 825 1214 872 aut
1229 826 1363 873 tuus
1394 812 1609 873 Seneca
1630 810 1819 873 thunc
1840 812 1998 888 audi,
2020 826 2079 875 et
2093 826 2153 875 te
2166 816 2269 875 in-

119 922 317 1003 dulge.
339 920 446 981 Ille
474 940 612 979 vero
639 920 701 979 in
729 916 818 979 his
837 916 1108 981 Eoetemis
1133 940 1248 981 non
1281 939 1589 1003 agnoscere
1604 961 1624 993 ,
1657 931 1757 981 aut
1776 920 2093 1003 approbare
2119 920 2267 981 Pro·-

117 1027 444 1089 videntiam
471 1026 699 1087 videtur
747 1050 766 1084 ε
819 1038 972 1087 certe
1003 1048 1122 1087 non
1153 1048 1399 1109 semper.
1438 1026 1633 1089 Verba
1680 1028 1805 1107 ejus
1858 1028 2269 1111 perpendenda

115 1134 349 1217 (Epist.
385 1131 545 1214 xcv)
579 1156 596 1191 ε
637 1158 666 1187 α
700 1130 856 1195 Deos
883 1153 1010 1195 esse
1032 1177 1049 1207 ,
1103 1135 1206 1217 qui
1244 1134 1514 1195 universa
1538 1133 1601 1193 vi
1624 1154 1731 1193 sun
1759 1146 2081 1216 temperant
2098 1176 2119 1211 ,
2166 1136 2269 1216 qni

119 1241 359 1301 humani
383 1240 608 1323 generis
631 1238 868 1299 tutelam
889 1251 1116 1322 gerunt,
1141 1238 1431 1300 interdum
1451 1237 1661 1299 curiosi
1684 1238 2059 1321 singulorum.
2092 1240 2272 1301 »seis

121 1369 258 1407 eum
277 1346 452 1407 verba
473 1345 622 1405 bene
647 1344 852 1403 librata
879 1342 1018 1405 dare
1043 1366 1060 1403 t
1087 1342 1230 1426 quid
1249 1342 1359 1405 hoc
1382 1356 1471 1403 est
1489 1386 1507 1420 ,
1536 1343 1701 1409 Deos
1732 1344 2000 1405 Unica-125&
2026 1366 2227 1407 curare
2254 1368 2269 1415 ;

125 1451 364 1512 Generis
381 1451 554 1511 totius
573 1448 811 1509 humani
829 1449 1064 1509 intelam
1090 1470 1290 1531 gerere
1309 1492 1328 1525 ,
1354 1449 1524 1509 etiam
1544 1449 1903 1527 Singulorum
1921 1493 1941 1519 ,
1964 1449 2069 1511 sed
2092 1448 2272 1509 Inter-

117 1560 260 1619 dum
283 1560 317 1619 Ρ
337 1556 494 1632 Quid
513 1600 532 1631 ,
559 1557 794 1637 inquam
811 1598 830 1629 ,
855 1557 967 1615 nisi
987 1555 1278 1617 interdum
1303 1554 1518 1637 negligi
1538 1569 1596 1615 et
1610 1554 1849 1637 seponi?
1870 1555 2269 1637 Consequitur,

123 1684 358 1745 quoquo
381 1675 440 1723 te
469 1674 658 1723 vertas
690 1686 708 1720 ε
737 1682 848 1722 nec
867 1661 1026 1721 aliud
1057 1662 1120 1721 in
1151 1672 1345 1722 mente
1374 1660 1571 1721 sensit.
1608 1657 1717 1719 Est
1744 1682 1955 1742 nempe
1971 1659 2081 1721 hoc
2114 1660 2273 1743 quod

123 1767 336 1831 Balbus
363 1767 461 1828 ille
491 1766 714 1827 Stoicus
736 1766 894 1848 apud
920 1765 1174 1827 Tullium
1205 1766 1467 1827 adfirmat
1480 1809 1499 1841 ,
1534 1791 1563 1819 α
1591 1763 1785 1827 Deum
1810 1766 2065 1849 singulos
2084 1764 2278 1827 homi-

123 1898 232 1937 nes
261 1896 460 1937 curare
490 1900 518 1927 η
557 1898 575 1932 =
607 1872 712 1935 sed
743 1896 874 1933 cum
916 1874 1258 1956 exceptione
1277 1916 1296 1948 ,
1335 1894 1511 1954 qmm
1540 1872 1705 1933 addit
1733 1898 1752 1933 z
1778 1894 1818 1927 ·«
1846 1873 1967 1935 Nec
1998 1893 2135 1935 vero
2166 1871 2276 1933 hoc

125 1986 210 2042 ita
233 1979 608 2043 refellendum
627 1991 714 2039 est
731 2022 750 2053 ‚
773 1992 840 2039 ut
859 1980 909 2039 si
933 1980 1218 2062 segetibus
1240 2021 1259 2054 ,
1281 1991 1383 2039 aut
1398 1980 1605 2039 vinetis
1635 1980 1954 2061 cujuspiam
1972 1991 2277 2061 tempestas

125 2090 390 2152 nocnerit
413 2132 432 2165 ,
465 2102 567 2151 aut
593 2088 806 2170 siquid
836 2110 870 2150 e
902 2090 1032 2149 vite
1063 2088 1375 2149 commodis
1406 2109 1573 2149 casus
1604 2088 1901 2149 abstulerit
1927 2112 1943 2160 ς
1978 2110 2143 2164 eum,
2186 2089 2278 2147 cui

121 2197 274 2280 quid
294 2194 501 2258 horum
529 2194 801 2256 acciderit
823 2239 840 2270 ,
869 2207 968 2256 aut
987 2196 1234 2256 invisum
1255 2193 1383 2256 Deo
1408 2239 1427 2268 ,
1452 2206 1553 2255 aut
1570 2194 1893 2277 neglectum
1920 2215 1955 2254 a
1976 2192 2103 2254 Deo
2126 2193 2279 2274 judi-

127 2325 346 2364 cemus.
400 2301 614 2384 Magna
659 2302 742 2361 dii
781 2314 985 2361 curant
1001 2345 1017 2375 ,
1068 2321 1245 2382 parva
1283 2300 1585 2380 negligunt
1609 2323 1626 2368 ;
1656 2299 1881 2380 magnis
1922 2311 2113 2358 antem
2142 2299 2281 2362 viris

129 2431 406 2493 prospere
427 2411 702 2470 eveniunt
721 2428 950 2488 semper
971 2425 1168 2466 omnes
1190 2425 1282 2464 res
1311 2427 1332 2466 a
1358 2403 1641 2486 siquidem
1664 2405 1799 2462 satis
1820 2425 1851 2462 a
1876 2403 2081 2464 nostris
2098 2403 2283 2487 (Stoi-

127 2515 252 2598 cis)
274 2528 332 2577 et
351 2537 382 2574 a
403 2515 666 2597 principe
689 2508 1162 2593 Philosophorum
1184 2510 1413 2572 Socrate
1442 2508 1659 2570 dictum
1682 2521 1771 2570 est
1788 2551 1807 2582 ‚
1830 2507 1907 2570 de
1930 2509 2285 2570 ubertatibus

127 2623 374 2682 Virtutis
405 2633 463 2680 et
491 2621 690 2702 copiis.
725 2644 754 2672 n
777 2617 878 2700 (ΙΙ
905 2617 1000 2677 De
1021 2617 1224 2677 Nntur.
1253 2617 1429 2676 Deor.
1452 2613 1479 2697 )
1504 2613 1643 2674 Hoec
1672 2613 1809 2674 illnc
1834 2625 2008 2688 etint,
2032 2628 2099 2676 ut
2126 2617 2283 2677 Deus

129 2733 368 2810 insuper
395 2725 604 2789 habeat
625 2771 643 2801 ‚
676 2739 736 2787 et
761 2727 922 2806 quasi
954 2723 1253 2784 connivent
1274 2766 1290 2795 ‚
1323 2713 1539 2782 dentur
1577 2719 1832 2782 Externa
1854 2765 1871 2794 ,
1916 2743 2036 2782 non
2077 2722 2284 2784 dentur

125 2835 370 2917 sing-ulis
389 2878 408 2909 ‚
451 2833 612 2896 Bona
641 2833 764 2892 sive
803 2831 962 2892 Mala
1011 2853 1030 2889 ε
1075 2843 1133 2890 et
1171 2829 1307 2890 satis
1329 2871 1349 2902 ‚
1390 2829 1440 2887 si
1466 2827 1665 2888 Virtus
1700 2827 1849 2888 adsit
1874 2851 1891 2897 ;
1924 2829 1987 2887 in
2002 2850 2135 2908 ·qua
2164 2849 2285 2888 nna

129 2943 398 3002 Felicitas
416 2942 662 3001 etheatae
683 2941 812 3000 vine
828 2958 1069 2998 summa.
1096 2933 1173 2995 Et
1192 2935 1357 2995 Cotta
1372 2935 1435 2994 in
1454 2931 1807 3015 refellendo(
1822 2932 1926 2995 lib.
1949 2930 2041 2991 ΙΙΙ
2055 2974 2071 3006 ,
2108 2929 2287 3012 extr.)

129 3071 367 3133 prorsus
380 3049 488 3108 hoc
510 3045 890 3130 apprehendit
901 3087 918 3118 ,
937 3044 1200 3121 Singulos
1215 3063 1327 3102 non
1346 3041 1539 3102 aar-ari
1548 3061 1777 3122 semper
1792 3061 1829 3100 a
1850 3039 1975 3100 Diis
1998 3083 2016 3114 ‚
2040 3059 2113 3099 ex
2134 3040 2285 3100 Stoi·-

131 3179 334 3218 corum
363 3177 533 3216 sensu
565 3179 584 3214 z
627 3156 688 3214 in
717 3153 824 3212 hnc
847 3195 865 3225 ,
897 3150 1030 3211 dico
1051 3193 1070 3224 ,
1101 3145 1489 3208 Externorum
1524 3159 1710 3228 parte.
1742 3147 1859 3207 Ubi
1882 3167 2021 3229 ergo
2041 3189 2058 3222 ,
2090 3145 2280 3229 Lipsi,

131 3263 501 3324 Providentia
521 3273 620 3322 tun
647 3261 902 3320 omnium
924 3269 982 3317 et
1002 3255 1401 3338 singulorum?
1430 3253 1587 3314 ers.
1614 3253 1859 3313 Immota
1879 3297 1895 3325 ,
1917 3275 2025 3313 nec
2043 3253 2136 3313 hie
2150 3256 2284 3314 Au—

131 3371 332 3430 stellus
353 3369 616 3428 turbarit.
643 3367 860 3428 Seneca
880 3409 896 3438 ,
933 3376 990 3424 et
1011 3362 1110 3423 alii
1135 3405 1151 3436 ,
1173 3361 1394 3442 aliquid
1414 3359 1682 3420 vacillant
1700 3383 1717 3419 ε
1738 3359 1843 3419 sed
1857 3381 1977 3419 non
1993 3372 2058 3419 ut
2075 3361 2284 3421 nesciri

131 3481 244 3538 ista
263 3495 298 3536 a
318 3477 442 3537 Deo
459 3469 672 3534 faciant
697 3472 840 3556 (non
857 3468 1086 3553 opinor)
1107 3513 1124 3544 ‚
1156 3469 1260 3530 sed
1273 3467 1531 3550 patiente
1548 3486 1617 3526 eo
1635 3508 1652 3539 ,
1676 3477 1733 3526 et
1758 3465 1917 3525 velut
1941 3468 2279 3528 connivente

133 3586 386 3646 evenire.
413 3580 488 3642 In
509 3581 749 3642 Materia
772 3577 892 3638 hoee
917 3580 1089 3638 insitu
1115 3587 1278 3638 erant
1295 3617 1314 3648 ,
1348 3588 1416 3636 ut
1442 3573 1657 3634 dietum
1688 3585 1775 3632 est
1798 3615 1816 3645 ,
1856 3572 2101 3654 ideoque
2130 3593 2281 3654 qna-

133 3693 436 3752 damtenns
451 3711 487 3750 a
507 3681 882 3748 Providentiae
901 3687 1030 3768 lege
1049 3695 1316 3766 exempta
1333 3705 1351 3740 ε
1374 3683 1424 3742 si
1442 3682 1523 3740 ita
1540 3680 1773 3761 accipis,
1798 3691 1865 3740 ut
1880 3680 2031 3740 notis
2051 3680 2277 3738 immitti

130 3819 206 3860 en
222 3841 239 3873 ,
263 3797 367 3858 sed
383 3797 657 3879 permitti.
689 3795 820 3855 Non
848 3791 1116 3852 nliudhic
1141 3791 1316 3851 video
1340 3812 1357 3849 ε
1386 3790 1581 3848 nmmo
1605 3787 1749 3847 illud
1768 3786 1945 3848 ‘video
1961 3829 1979 3860 ‚
2002 3785 2277 3846 Senecam

129 3915 254 3965 toto
275 3905 472 3966 libello
493 3903 584 3966 De
598 3901 953 3965 Rwoe’denu‘a
972 3899 1107 3959 huic
1132 3897 1419 3980 neglectui
1448 3896 1747 3956 adversm
1762 3935 1781 3967 ‚
1813 3905 1876 3954 et
1896 3913 1971 3954 ex
1998 3892 2278 3952 destinato

133 4016 330 4074 omnia
344 4058 361 4088 ,
385 4025 444 4073 et
465 4013 724 4074 consulto
748 4055 764 4086 ,
801 4023 868 4074 et·
887 4009 1039 4070 bono
1065 4007 1235 4068 etiam
1263 4017 1457 4066 nostro
1478 4003 1621 4062 fleri.
1646 4001 1905 4079 Sed-jam
1924 3998 2003 4059 ad
2018 3997 2275 4078 planiora

135 4133 199 4183 et
225 4123 416 4182 minus
448 4142 668 4203 aspero.
