2667 4475
395 258 526 357 1254
633 220 640 225 ’
965 270 1047 338 L.
1101 268 1459 336 ANNAEI
1506 268 1950 339 SENECAE

309 424 338 473 5
389 406 533 477 Imo
555 454 578 489 ‚
630 400 1058 470 mehercules
1080 451 1102 485 ‚
1149 415 1226 468 ut
1269 424 1543 469 carmen
1572 406 1591 436 ¹
1642 401 1883 469 fortius
1927 426 2009 470 ac
2041 405 2297 497 justius
2338 428 2541 498 repe-

386 536 525 589 tam
541 524 596 603 ²,
637 540 775 609 quo
800 518 1098 585 animum
1127 533 1319 587 tuum
1348 518 1565 609 mag-is
1605 516 1848 585 fulcias
1868 567 1891 603 ,
1926 519 2059 587 hoc
2086 518 2296 588 dicito
2318 570 2341 606 ,
2378 546 2542 613 quo-

389 637 521 703 ties
561 630 827 725 aliquid
871 633 1099 717 aliter,
1153 655 1357 725 quam
1398 632 1779 725 cogitabas,
1816 624 2122 703 evenerit
2172 662 2197 702 2
2238 637 2358 703 Dii
2412 661 2543 704 me-

388 752 520 820 lius
539 746 590 819 ³.
619 751 731 819 Sic
751 751 1120 843 composito
1145 748 1324 817 nihil
1348 747 1637 845 accidet.
1669 749 1785 818 Sic
1808 765 2034 819 autem
2060 768 2535 845 componetur,

387 869 490 953 si,
537 867 707 959 quid
743 867 1194 961 humanarum
1221 888 1453 933 rerum
1481 867 1773 934 varietas
1797 870 2011 958 possit
2029 918 2053 953 ‚
2084 870 2532 963 cogitaverit,

383 998 747 1074 antequam
781 982 1116 1065 senseri13
1167 982 1223 1048 si
1273 997 1344 1048 et
1396 980 1651 1049 liberos
1672 1030 1693 1064 ,
1743 996 1812 1049 et
1860 982 2225 1077 conjugem
2250 1033 2275 1067 ‚
2320 999 2528 1076 atque

385 1099 863 1192 patrimonium
903 1097 1003 1165 sic
1039 1096 1394 1180 habuerit,
1444 1112 1762 1189 tanquam
1799 1121 1941 1165 non
1980 1100 2221 1189 utique
2267 1122 2535 1192 semper

387 1214 745 1282 habiturus
775 1264 796 1298 ,
847 1229 915 1284 et
947 1230 1266 1306 tanquam
1295 1237 1433 1282 non
1466 1214 1733 1281 futurus
1777 1213 1866 1281 ob
1894 1211 2025 1281 hoc
2060 1215 2380 1283 miserior
2408 1266 2430 1298 ‚
2480 1219 2533 1281 si

306 1328 339 1379 ὓ
390 1330 644 1401 habere
677 1331 978 1400 desierit.
1015 1332 1458 1400 Calamitosus
1488 1346 1591 1399 est
1616 1332 1883 1399 animus
1909 1330 2123 1399 futuri
2150 1332 2395 1399 anxius
2413 1383 2435 1415 ‚
2468 1348 2533 1401 et

386 1460 545 1517 ante
569 1430 874 1517 miserias
911 1449 1156 1534 miser3
1203 1448 1322 1539 qui
1352 1447 1683 1515 sollicitus
1708 1464 1811 1515 est
1830 1496 1849 1530 ‚
1882 1462 1957 1515 ut
1984 1470 2060 1515 es
2086 1496 2107 1531 ‚
2142 1447 2397 1538 quibus
2422 1449 2533 1517 de-

386 1563 711 1641 lectatur,
752 1560 842 1629 ad
883 1578 1254 1630 extremum
1305 1584 1524 1651 usque
1570 1576 2039 1654 permaneant.
2093 1560 2301 1629 Nullo
2352 1563 2529 1629 enim

386 1694 688 1770 tempore
735 1678 1176 1767 conquiescet
1203 1705 1224 1761 ς
1267 1692 1336 1742 et
1364 1678 1863 1769 exspectatione
1890 1678 2162 1745 venturi
2186 1672 2215 1719 ⁴
2247 1700 2532 1769 praesen-

383 1794 478 1860 tia
498 1842 521 1877 ,
569 1792 818 1885 quibus
879 1791 1014 1859 frui
1061 1806 1328 1884 poterat
1355 1842 1378 1878 ,
1434 1795 1721 1861 amittet.
1781 1794 1863 1860 In
1912 1816 2105 1885 aequo
2152 1808 2259 1859 est
2304 1808 2525 1861 autem

381 1910 651 1979 amissio
692 1910 842 1994 rei,
893 1925 961 1978 et
1005 1911 1211 1977 timor
1249 1909 1661 1978 amittendae.

307 2052 332 2103 7
479 2029 624 2094 Nec
665 2023 820 2094 ideo
865 2025 1189 2118 praecipio
1241 2025 1366 2093 tibi
1412 2026 1928 2119 negligentiam.
1963 2028 2075 2095 Tu
2108 2051 2273 2095 vero
2302 2020 2327 2061 ⁵
2380 2051 2522 2095 me-

383 2140 634 2211 tuenda
671 2141 980 2227 declins3
1026 2140 1367 2233 quidquid
1395 2143 1680 2211 consilio
1704 2144 2005 2235 prospici
2048 2158 2313 2238 potest,
2366 2166 2522 2237 pro-

381 2262 614 2354 spice3
673 2257 1150 2352 quodcumque
1209 2259 1527 2326 laesurum
1580 2275 1685 2327 est
1708 2309 1729 2344 ‚
1800 2259 2014 2328 multo
2058 2276 2216 2328 ante
2244 2311 2266 2344 ‚
2318 2285 2519 2352 quam

311 2447 320 2454 ,
377 2374 638 2444 accidat
657 2425 677 2457 ,
717 2373 1069 2467 speculare
1121 2389 1188 2440 et
1234 2390 1470 2441 averte
1492 2365 1546 2439 ⁶.
1606 2375 1687 2442 In
1736 2373 1869 2442 hoc
1914 2377 2133 2467 ipsum
2160 2374 2287 2442 tibi
2310 2375 2520 2468 pluri·-

377 2517 558 2560 mum
579 2491 885 2560 conferet
905 2489 1192 2574 fiducia,
1219 2505 1288 2557 et
1306 2487 1393 2556 ad
1414 2487 1841 2556 tolerandum
1864 2491 2139 2558 omnino
2164 2489 2517 2558 obfirmata

376 2633 590 2677 mens.
624 2611 852 2677 Potest
879 2607 1216 2676 fortunam
1244 2629 1487 2673 cavere
1518 2655 1537 2686 ‚
1568 2607 1691 2696 qui
1716 2621 1939 2698 potest
1968 2606 2147 2674 ferre
2177 2635 2197 2692 ς
2232 2622 2421 2676 certe
2446 2609 2513 2675 in

375 2724 744 2816 tranquillo
780 2747 916 2792 non
954 2723 1402 2792 tumultuatur
1426 2725 1478 2787 ⁷.
1518 2721 1709 2789 Nihil
1741 2736 1844 2788 est
1879 2745 2009 2790 nec
2046 2724 2365 2791 miserius
2390 2746 2513 2790 nec

374 2940 612 2995 convenit
640 2938 738 2992 hoc
767 2938 912 2992 stoici
936 2938 1173 3013 sapientis
1201 2938 1391 2990 dictum

371 3021 507 3073 inter
563 3017 767 3070 adversa
827 3019 1046 3072 fortune.
1071 3057 1086 3082 ,
1141 3037 1258 3070 cum
1295 3016 1391 3070 isto

375 3095 776 3150 Christianorum
791 3108 910 3148 voto
926 3093 1040 3148 :fiat
1053 3094 1282 3148 voluntas
1289 3093 1392 3146 tua!

443 3194 485 3226 ι.
509 3173 747 3228 Carmen.
766 3173 807 3224 l.
834 3174 1122 3228 formulam.
1147 3173 1328 3227 Ruhk.

438 3273 487 3303 ει.
523 3249 796 3318 Repetam.
844 3251 929 3304 Sic
965 3253 1091 3304 olim
1131 3251 1211 3304 cd.
1254 3251 1391 3304 Ven-

371 3328 460 3380 Er.
493 3341 542 3382 et
563 3329 702 3383 Mur.
737 3347 1003 3398 rursusque
1035 3349 1194 3400 nuper
1217 3329 1389 3382 Ruhk.

369 3406 470 3461 Sed
481 3405 662 3460 rectius
677 3407 883 3458 fortasse
899 3406 1234 3474 sueritpetae'n
1248 3408 1389 3477 quod

371 3483 521 3537 hebet
542 3485 619 3538 ed.
644 3483 776 3558 Lips.
803 3483 965 3536 Gron.
993 3497 1040 3536 et
1059 3485 1173 3557 Bip.
1197 3505 1312 3538 eum
1331 3505 1387 3536 a.

367 3581 408 3615 c.
435 3564 506 3616 R.
535 3565 603 3614 A.
629 3562 775 3616 Pinc.
802 3575 854 3615 et
877 3562 1025 3614 Grut-
1045 3563 1212 3616 Σώαν.

433 3639 484 3692 3.
499 3639 605 3693 Dis·
614 3643 798 3694 melius
807 3640 1162 3714 providebunt.
1171 3641 1387 3694 Forma·

367 3719 472 3773 lam
487 3732 654 3772 sutem
670 3717 1190 3791 loquendihanczDa'e‘
1202 3723 1387 3772 melius

367 3804 520 3854 duint
534 3839 548 3860 ,
569 3799 674 3852 Dia·
691 3801 1129 3871 melior-aferunt,
1150 3799 1386 3853 De‘ae'me-

366 3885 530 3945 liora,
569 3880 786 3942 melius,
817 3877 1114 3951 plerumque
1140 3876 1382 3950 explicare

1492 2958 1787 3012 responsum
1830 2959 1907 3014 ap.
1944 2939 2146 2993 Platon.
2170 2939 2289 2992 vol.
2325 2939 2431 3000 vl.
2464 2961 2509 3012 p.

1496 3021 1587 3070 150
1608 3015 1741 3090 ΜΝ
1766 3016 1856 3070 sed
1874 3015 1929 3068 h.
1951 3015 1986 3068 l.
2011 3029 2059 3068 et
2081 3016 2218 3080 aliis,
2238 3033 2355 3087 quoe
2372 3015 2509 3072 Bris-

1488 3116 1597 3149 son.
1624 3097 1686 3149 tle
1716 3096 1948 3149 formulis
1986 3108 2077 3149 etc.
2114 3096 2353 3172 collegit,
2385 3117 2509 3170 sup·-

1490 3173 1625 3244 pleas
1644 3191 1657 3226 τ
1676 3173 1897 3238 debunt,
1926 3193 1986 3227 eo
2010 3195 2191 3239 sensu,
2216 3195 2321 3247 quo
2345 3177 2505 3229 Hora-

1488 3251 1588 3304 tius
1610 3251 1781 3304 Carm-
1806 3253 1855 3304 ll
1871 3287 1888 3317 ‚
1914 3270 2001 3315 ιο,
2028 3272 2084 3322 ¹7
2108 3253 2287 3306 cecinit
2306 3271 2323 3306 t
2344 3275 2373 3302 n
2390 3255 2503 3306 Non

1487 3329 1531 3383 si
1556 3329 1686 3383 male
1710 3351 1847 3385 nunc
1863 3369 1881 3398 ,
1912 3344 1963 3385 et
1986 3331 2112 3384 olim
2132 3333 2206 3386 sic
2228 3332 2337 3386 erit.
2352 3354 2382 3380 a·
2408 3333 2478 3384 R.

1550 3409 2019 3478 4.Exspectate’one
2041 3414 2249 3464 venturi
2276 3431 2369 3464 ms.
2388 3431 2443 3463 a.
2458 3423 2501 3462 et

1486 3487 1565 3539 ed.
1587 3488 1661 3539 Α.
1682 3487 1856 3560 Vulgo
1861 3487 2061 3560 suturi-
2088 3487 2251 3541 Scbw.

1550 3570 1597 3620 5.
1626 3567 1709 3620 Tu
1725 3587 1861 3621 vem.
1886 3568 2155 3640 perperam
2188 3569 2346 3642 vulgo
2376 3571 2499 3639 quin

1486 3664 1619 3700 vero.
1645 3645 1808 3712 Sclm,

1548 3725 1597 3778 6.
1617 3726 1815 3780 Aret-te.
1833 3725 2110 3799 Perper-am
2125 3728 2334 3779 adverte
2344 3725 2496 3796 vulgo

1482 3802 1729 3856 scribitur.
1758 3803 1921 3857 Schw.

1547 3901 1592 3944 7.
1620 3883 1765 3936 Certe
1790 3885 1845 3934 in
1867 3885 2151 3951 tmnquillo
2169 3901 2275 3940 non
2294 3885 2496 3934 mma!-

369 3958 484 4010 licet
511 3976 598 4028 per
633 3973 646 4008 :
678 3957 869 4024 ιῦφῆμει
888 3991 903 4012 ,
941 3954 1079 4007 velut
1106 3953 1286 4008 Cicero
1315 3955 1379 4008 de
1480 3970 1673 4011 matur.
1704 3959 1804 4011 Int.
1824 3973 1983 4022 certe,
2006 3959 2258 4030 quidquid
2276 3959 2493 4018 accidat.

369 4035 564 4090 Senect.
581 4055 623 4090 c.
645 4037 720 4101 14,
738 4035 1092 4107 interpretatur
1110 4033 1377 4106 Sophoclis
1478 4037 1520 4088 si
1534 4037 1731 4088 suimus
1748 4049 1861 4091 tuus
1878 4037 2179 4108 tranquillus
2194 4051 2337 4118 esgct
2350 4035 2495 4088 firma
