<?xml version="1.0" encoding="UTF-8"?>
<!DOCTYPE html PUBLIC "-//W3C//DTD XHTML 1.0 Transitional//EN"
    "http://www.w3.org/TR/xhtml1/DTD/xhtml1-transitional.dtd">
<html xmlns="http://www.w3.org/1999/xhtml" xml:lang="en" lang="en">
 <head>
  <title>
</title>
<meta http-equiv="Content-Type" content="text/html;charset=utf-8" />
  <meta name='ocr-system' content='tesseract 3.04.00' />
  <meta name='ocr-capabilities' content='ocr_page ocr_carea ocr_par ocr_line ocrx_word'/>
</head>
<body>
  <div class='ocr_page' id='page_1' title='image "./lannaeisenecaeo04bouigoog_0657.png"; bbox 0 0 2667 4475; ppageno 0'>
   <div class='ocr_carea' id='block_1_1' title="bbox 351 199 1772 276">
    <p class='ocr_par' dir='ltr' id='par_1_1' title="bbox 351 199 1772 276">
     <span class='ocr_line' id='line_1_1' title="bbox 351 199 1772 276; baseline -0.008 0"><span class='ocrx_word' id='word_1_1' title='bbox 351 208 486 276; x_wconf 84' lang='lat'><strong>660</strong></span> <span class='ocrx_word' id='word_1_2' title='bbox 1093 199 1403 268; x_wconf 85' lang='lat' dir='ltr'>JUSTI</span> <span class='ocrx_word' id='word_1_3' title='bbox 1448 199 1772 268; x_wconf 88' lang='lat' dir='ltr'>LIPSII</span> 
     </span>
    </p>
   </div>
   <div class='ocr_carea' id='block_1_2' title="bbox 331 340 2569 2377">
    <p class='ocr_par' dir='ltr' id='par_1_2' title="bbox 331 340 2569 2377">
     <span class='ocr_line' id='line_1_2' title="bbox 351 340 2569 423; baseline -0.001 -22"><span class='ocrx_word' id='word_1_4' title='bbox 351 374 376 401; x_wconf 72' lang='grc' dir='ltr'><strong>ιι</strong></span> <span class='ocrx_word' id='word_1_5' title='bbox 405 345 600 407; x_wconf 85' lang='lat' dir='ltr'><strong>felices</strong></span> <span class='ocrx_word' id='word_1_6' title='bbox 631 346 868 403; x_wconf 83' lang='lat' dir='ltr'><strong>Animas</strong></span> <span class='ocrx_word' id='word_1_7' title='bbox 895 354 1106 404; x_wconf 76' lang='lat' dir='ltr'><strong>aeterna</strong></span> <span class='ocrx_word' id='word_1_8' title='bbox 1135 342 1358 402; x_wconf 77' lang='lat' dir='ltr'><strong>sortitas</strong></span> <span class='ocrx_word' id='word_1_9' title='bbox 1381 362 1401 398; x_wconf 71' lang='grc' dir='ltr'><em>ε</em></span> <span class='ocrx_word' id='word_1_10' title='bbox 1428 367 1455 393; x_wconf 69' lang='grc' dir='ltr'><strong>υ</strong></span> <span class='ocrx_word' id='word_1_11' title='bbox 1488 362 1604 399; x_wconf 88' lang='lat' dir='ltr'><strong>non</strong></span> <span class='ocrx_word' id='word_1_12' title='bbox 1636 342 1813 422; x_wconf 82' lang='lat' dir='ltr'><strong>igitur</strong></span> <span class='ocrx_word' id='word_1_13' title='bbox 1834 361 2074 401; x_wconf 86' lang='lat' dir='ltr'><strong>omnes.</strong></span> <span class='ocrx_word' id='word_1_14' title='bbox 2104 340 2372 399; x_wconf 75' lang='lat' dir='ltr'><strong>Tacitus</strong></span> <span class='ocrx_word' id='word_1_15' title='bbox 2394 362 2569 423; x_wconf 76' lang='lat' dir='ltr'><strong>aper-</strong></span> 
     </span>
     <span class='ocr_line' id='line_1_3' title="bbox 347 448 2569 535; baseline -0.003 -22"><span class='ocrx_word' id='word_1_16' title='bbox 347 456 458 513; x_wconf 80' lang='lat' dir='ltr'><strong>tius</strong></span> <span class='ocrx_word' id='word_1_17' title='bbox 487 451 583 535; x_wconf 88' lang='lat' dir='ltr'><strong>(in</strong></span> <span class='ocrx_word' id='word_1_18' title='bbox 618 448 906 533; x_wconf 80' lang='lat' dir='ltr'><strong>Agricola)</strong></span> <span class='ocrx_word' id='word_1_19' title='bbox 935 472 953 507; x_wconf 76' lang='lat'>2</span> <span class='ocrx_word' id='word_1_20' title='bbox 987 475 1012 501; x_wconf 80' lang='grc' dir='ltr'><strong>ιι</strong></span> <span class='ocrx_word' id='word_1_21' title='bbox 1033 448 1092 509; x_wconf 85' lang='lat' dir='ltr'><strong>Si</strong></span> <span class='ocrx_word' id='word_1_22' title='bbox 1113 493 1130 524; x_wconf 91' lang='lat'>,</span> <span class='ocrx_word' id='word_1_23' title='bbox 1171 460 1235 507; x_wconf 85' lang='lat' dir='ltr'><strong>ut</strong></span> <span class='ocrx_word' id='word_1_24' title='bbox 1270 448 1625 529; x_wconf 83' lang='lat' dir='ltr'><strong>sapientibus</strong></span> <span class='ocrx_word' id='word_1_25' title='bbox 1662 448 1890 528; x_wconf 83' lang='lat' dir='ltr'><strong>placet,</strong></span> <span class='ocrx_word' id='word_1_26' title='bbox 1942 470 2073 507; x_wconf 86' lang='lat' dir='ltr'><strong>nou</strong></span> <span class='ocrx_word' id='word_1_27' title='bbox 2118 452 2273 507; x_wconf 77' lang='lat' dir='ltr'><strong>curn</strong></span> <span class='ocrx_word' id='word_1_28' title='bbox 2320 472 2569 529; x_wconf 70' lang='lat' dir='ltr'><strong>corpore</strong></span> 
     </span>
     <span class='ocr_line' id='line_1_4' title="bbox 351 554 2565 642; baseline -0.002 -22"><span class='ocrx_word' id='word_1_29' title='bbox 351 562 792 642; x_wconf 81' lang='lat' dir='ltr'><strong>exstinguuntur</strong></span> <span class='ocrx_word' id='word_1_30' title='bbox 811 578 1028 639; x_wconf 83' lang='lat' dir='ltr'><strong>magnae</strong></span> <span class='ocrx_word' id='word_1_31' title='bbox 1053 556 1272 615; x_wconf 81' lang='lat' dir='ltr'><strong>animoe.</strong></span> <span class='ocrx_word' id='word_1_32' title='bbox 1285 580 1314 607; x_wconf 73' lang='grc' dir='ltr'><strong>ιο</strong></span> <span class='ocrx_word' id='word_1_33' title='bbox 1340 554 1487 615; x_wconf 84' lang='lat' dir='ltr'><strong>Nota</strong></span> <span class='ocrx_word' id='word_1_34' title='bbox 1506 576 1743 638; x_wconf 83' lang='lat' dir='ltr'><strong>magnas</strong></span> <span class='ocrx_word' id='word_1_35' title='bbox 1767 578 1784 613; x_wconf 76' lang='lat' dir='ltr'>z</span> <span class='ocrx_word' id='word_1_36' title='bbox 1806 557 2053 615; x_wconf 66' lang='lat' dir='ltr'><strong>minutae</strong></span> <span class='ocrx_word' id='word_1_37' title='bbox 2074 556 2283 639; x_wconf 83' lang='lat' dir='ltr'><strong>igitur</strong></span> <span class='ocrx_word' id='word_1_38' title='bbox 2304 569 2371 616; x_wconf 86' lang='lat' dir='ltr'><strong>et</strong></span> <span class='ocrx_word' id='word_1_39' title='bbox 2394 556 2565 615; x_wconf 68' lang='lat' dir='ltr'><strong>fatu:</strong></span> 
     </span>
     <span class='ocr_line' id='line_1_5' title="bbox 346 661 2559 749; baseline -0.001 -23"><span class='ocrx_word' id='word_1_40' title='bbox 346 678 592 749; x_wconf 86' lang='lat' dir='ltr'><strong>pereunt</strong></span> <span class='ocrx_word' id='word_1_41' title='bbox 615 710 630 739; x_wconf 93' lang='lat'>,</span> <span class='ocrx_word' id='word_1_42' title='bbox 663 677 762 725; x_wconf 82' lang='lat' dir='ltr'><strong>aut</strong></span> <span class='ocrx_word' id='word_1_43' title='bbox 801 686 920 723; x_wconf 89' lang='lat' dir='ltr'><strong>non</strong></span> <span class='ocrx_word' id='word_1_44' title='bbox 952 662 1055 724; x_wconf 90' lang='lat' dir='ltr'><strong>diu</strong></span> <span class='ocrx_word' id='word_1_45' title='bbox 1087 674 1341 723; x_wconf 86' lang='lat' dir='ltr'><strong>manent.</strong></span> <span class='ocrx_word' id='word_1_46' title='bbox 1377 661 1572 722; x_wconf 82' lang='lat' dir='ltr'><strong>Palam</strong></span> <span class='ocrx_word' id='word_1_47' title='bbox 1602 663 1682 721; x_wconf 87' lang='lat' dir='ltr'><strong>ita</strong></span> <span class='ocrx_word' id='word_1_48' title='bbox 1718 662 2051 722; x_wconf 82' lang='lat' dir='ltr'><strong>Numenius</strong></span> <span class='ocrx_word' id='word_1_49' title='bbox 2082 708 2105 738; x_wconf 87' lang='lat'>,</span> <span class='ocrx_word' id='word_1_50' title='bbox 2141 664 2213 723; x_wconf 85' lang='lat' dir='ltr'><strong>iu</strong></span> <span class='ocrx_word' id='word_1_51' title='bbox 2250 662 2525 724; x_wconf 75' lang='lat' dir='ltr'><strong>Eusebio</strong></span> <span class='ocrx_word' id='word_1_52' title='bbox 2542 710 2559 737; x_wconf 86' lang='lat'>‚</span> 
     </span>
     <span class='ocr_line' id='line_1_6' title="bbox 331 769 2555 845; baseline -0.001 -11"><span class='ocrx_word' id='word_1_53' title='bbox 331 774 424 834; x_wconf 74' lang='lat' dir='ltr'><strong>‘de</strong></span> <span class='ocrx_word' id='word_1_54' title='bbox 447 772 654 834; x_wconf 84' lang='lat' dir='ltr'><strong>nostris</strong></span> <span class='ocrx_word' id='word_1_55' title='bbox 687 794 704 829; x_wconf 73' lang='lat' dir='ltr'><em>z</em></span> <span class='ocrx_word' id='word_1_56' title='bbox 735 799 764 825; x_wconf 72' lang='grc' dir='ltr'><strong>α</strong></span> <span class='ocrx_word' id='word_1_57' title='bbox 789 772 1058 831; x_wconf 77' lang='lat' dir='ltr'><strong>Animam</strong></span> <span class='ocrx_word' id='word_1_58' title='bbox 1087 782 1282 831; x_wconf 80' lang='lat' dir='ltr'><strong>natam</strong></span> <span class='ocrx_word' id='word_1_59' title='bbox 1303 814 1320 845; x_wconf 90' lang='lat'>,</span> <span class='ocrx_word' id='word_1_60' title='bbox 1357 782 1415 829; x_wconf 88' lang='lat' dir='ltr'><strong>et</strong></span> <span class='ocrx_word' id='word_1_61' title='bbox 1438 769 1736 829; x_wconf 77' lang='lat' dir='ltr'><strong>mortalem</strong></span> <span class='ocrx_word' id='word_1_62' title='bbox 1766 790 1923 844; x_wconf 83' lang='lat' dir='ltr'><strong>csse,</strong></span> <span class='ocrx_word' id='word_1_63' title='bbox 1950 792 2079 830; x_wconf 86' lang='lat' dir='ltr'><strong>non</strong></span> <span class='ocrx_word' id='word_1_64' title='bbox 2112 772 2339 831; x_wconf 69' lang='lat' dir='ltr'><strong>statim</strong></span> <span class='ocrx_word' id='word_1_65' title='bbox 2368 784 2555 831; x_wconf 67' lang='lat' dir='ltr'><strong>tamen</strong></span> 
     </span>
     <span class='ocr_line' id='line_1_7' title="bbox 345 876 2555 961; baseline -0.001 -22"><span class='ocrx_word' id='word_1_66' title='bbox 345 883 578 941; x_wconf 84' lang='lat' dir='ltr'><strong>interire</strong></span> <span class='ocrx_word' id='word_1_67' title='bbox 596 924 613 954; x_wconf 91' lang='lat'>,</span> <span class='ocrx_word' id='word_1_68' title='bbox 651 880 756 939; x_wconf 89' lang='lat' dir='ltr'><strong>sed</strong></span> <span class='ocrx_word' id='word_1_69' title='bbox 783 899 1015 939; x_wconf 88' lang='lat' dir='ltr'><strong>manere</strong></span> <span class='ocrx_word' id='word_1_70' title='bbox 1049 878 1206 959; x_wconf 82' lang='lat' dir='ltr'><strong>apud</strong></span> <span class='ocrx_word' id='word_1_71' title='bbox 1232 878 1501 959; x_wconf 81' lang='lat' dir='ltr'><strong>seipsam.</strong></span> <span class='ocrx_word' id='word_1_72' title='bbox 1534 876 1869 959; x_wconf 83' lang='lat' dir='ltr'><strong>sapientum</strong></span> <span class='ocrx_word' id='word_1_73' title='bbox 1911 878 2175 959; x_wconf 86' lang='lat' dir='ltr'><strong>quidem</strong></span> <span class='ocrx_word' id='word_1_74' title='bbox 2194 923 2217 952; x_wconf 88' lang='lat'>‚</span> <span class='ocrx_word' id='word_1_75' title='bbox 2256 900 2457 961; x_wconf 74' lang='lat' dir='ltr'><strong>usque</strong></span> <span class='ocrx_word' id='word_1_76' title='bbox 2486 878 2555 937; x_wconf 71' lang='lat' dir='ltr'><strong>ad</strong></span> 
     </span>
     <span class='ocr_line' id='line_1_8' title="bbox 341 983 2548 1067; baseline -0 -23"><span class='ocrx_word' id='word_1_77' title='bbox 341 986 846 1067; x_wconf 84' lang='lat' dir='ltr'><strong>conflagrationem</strong></span> <span class='ocrx_word' id='word_1_78' title='bbox 891 986 1148 1044; x_wconf 86' lang='lat' dir='ltr'><strong>omnium</strong></span> <span class='ocrx_word' id='word_1_79' title='bbox 1177 1008 1195 1043; x_wconf 70' lang='grc' dir='ltr'><em>ε</em></span> <span class='ocrx_word' id='word_1_80' title='bbox 1230 984 1534 1043; x_wconf 85' lang='lat' dir='ltr'><strong>stultorum</strong></span> <span class='ocrx_word' id='word_1_81' title='bbox 1558 1027 1575 1058; x_wconf 89' lang='lat'>,</span> <span class='ocrx_word' id='word_1_82' title='bbox 1612 984 1687 1043; x_wconf 87' lang='lat' dir='ltr'><strong>ad</strong></span> <span class='ocrx_word' id='word_1_83' title='bbox 1719 984 1895 1043; x_wconf 81' lang='lat' dir='ltr'><strong>breve</strong></span> <span class='ocrx_word' id='word_1_84' title='bbox 1924 983 2187 1065; x_wconf 81' lang='lat' dir='ltr'><strong>aliquod</strong></span> <span class='ocrx_word' id='word_1_85' title='bbox 2222 996 2495 1067; x_wconf 79' lang='lat' dir='ltr'><strong>tempus.</strong></span> <span class='ocrx_word' id='word_1_86' title='bbox 2526 1012 2548 1035; x_wconf 76' lang='grc' dir='ltr'>ι</span> 
     </span>
     <span class='ocr_line' id='line_1_9' title="bbox 345 1089 2549 1174; baseline -0.001 -23"><span class='ocrx_word' id='word_1_87' title='bbox 345 1092 531 1151; x_wconf 86' lang='lat' dir='ltr'><strong>lmmo</strong></span> <span class='ocrx_word' id='word_1_88' title='bbox 561 1111 697 1150; x_wconf 78' lang='lat' dir='ltr'><strong>vero</strong></span> <span class='ocrx_word' id='word_1_89' title='bbox 727 1111 939 1173; x_wconf 82' lang='lat' dir='ltr'><strong>genere</strong></span> <span class='ocrx_word' id='word_1_90' title='bbox 965 1090 1216 1172; x_wconf 87' lang='lat' dir='ltr'><strong>quodam</strong></span> <span class='ocrx_word' id='word_1_91' title='bbox 1239 1089 1344 1151; x_wconf 83' lang='lat' dir='ltr'><strong>fati</strong></span> <span class='ocrx_word' id='word_1_92' title='bbox 1366 1092 1811 1174; x_wconf 79' lang='lat' dir='ltr'><strong>exstinguuntm·</strong></span> <span class='ocrx_word' id='word_1_93' title='bbox 1828 1092 2007 1151; x_wconf 76' lang='lat' dir='ltr'><strong>etiam</strong></span> <span class='ocrx_word' id='word_1_94' title='bbox 2038 1092 2352 1153; x_wconf 80' lang='lat' dir='ltr'><strong>meliores</strong></span> <span class='ocrx_word' id='word_1_95' title='bbox 2374 1116 2395 1149; x_wconf 74' lang='grc' dir='ltr'><strong><em>ε</em></strong></span> <span class='ocrx_word' id='word_1_96' title='bbox 2420 1106 2549 1174; x_wconf 72' lang='lat' dir='ltr'><strong>pun</strong></span> 
     </span>
     <span class='ocr_line' id='line_1_10' title="bbox 335 1195 2547 1279; baseline 0 -21"><span class='ocrx_word' id='word_1_97' title='bbox 335 1200 392 1258; x_wconf 76' lang='lat' dir='ltr'><strong>si</strong></span> <span class='ocrx_word' id='word_1_98' title='bbox 425 1195 681 1279; x_wconf 86' lang='lat' dir='ltr'><strong>pondere</strong></span> <span class='ocrx_word' id='word_1_99' title='bbox 709 1209 809 1256; x_wconf 84' lang='lat' dir='ltr'><strong>aut</strong></span> <span class='ocrx_word' id='word_1_100' title='bbox 837 1197 989 1257; x_wconf 86' lang='lat' dir='ltr'><strong>mole</strong></span> <span class='ocrx_word' id='word_1_101' title='bbox 1019 1218 1225 1279; x_wconf 84' lang='lat' dir='ltr'><strong>magna</strong></span> <span class='ocrx_word' id='word_1_102' title='bbox 1247 1241 1264 1271; x_wconf 89' lang='lat'><strong>,</strong></span> <span class='ocrx_word' id='word_1_103' title='bbox 1297 1219 1417 1256; x_wconf 85' lang='lat' dir='ltr'><strong>una</strong></span> <span class='ocrx_word' id='word_1_104' title='bbox 1448 1218 1581 1257; x_wconf 90' lang='lat' dir='ltr'><strong>cum</strong></span> <span class='ocrx_word' id='word_1_105' title='bbox 1629 1218 1864 1278; x_wconf 87' lang='lat' dir='ltr'><strong>corpore</strong></span> <span class='ocrx_word' id='word_1_106' title='bbox 1906 1198 2289 1259; x_wconf 71' lang='lat' dir='ltr'><strong>obruuntur.</strong></span> <span class='ocrx_word' id='word_1_107' title='bbox 2336 1200 2547 1259; x_wconf 70' lang='lat' dir='ltr'><strong>seneca</strong></span> 
     </span>
     <span class='ocr_line' id='line_1_11' title="bbox 343 1300 2549 1388; baseline 0.002 -26"><span class='ocrx_word' id='word_1_108' title='bbox 343 1303 568 1387; x_wconf 83' lang='lat' dir='ltr'><strong>(Epist.</strong></span> <span class='ocrx_word' id='word_1_109' title='bbox 614 1300 777 1384; x_wconf 65' lang='lat' dir='ltr'><strong>nvn)</strong></span> <span class='ocrx_word' id='word_1_110' title='bbox 801 1326 820 1359; x_wconf 72' lang='grc' dir='ltr'><em>ε</em></span> <span class='ocrx_word' id='word_1_111' title='bbox 869 1330 898 1356; x_wconf 75' lang='grc' dir='ltr'><strong>α</strong></span> <span class='ocrx_word' id='word_1_112' title='bbox 927 1301 1081 1376; x_wconf 87' lang='lat' dir='ltr'><strong>Quid</strong></span> <span class='ocrx_word' id='word_1_113' title='bbox 1123 1303 1361 1362; x_wconf 84' lang='lat' dir='ltr'><strong>interest</strong></span> <span class='ocrx_word' id='word_1_114' title='bbox 1382 1345 1399 1376; x_wconf 89' lang='lat'><strong>,</strong></span> <span class='ocrx_word' id='word_1_115' title='bbox 1432 1314 1627 1362; x_wconf 81' lang='lat' dir='ltr'><strong>utrum</strong></span> <span class='ocrx_word' id='word_1_116' title='bbox 1668 1324 1843 1383; x_wconf 86' lang='lat' dir='ltr'><strong>snper</strong></span> <span class='ocrx_word' id='word_1_117' title='bbox 1869 1303 2141 1385; x_wconf 79' lang='lat' dir='ltr'><strong>aliquem</strong></span> <span class='ocrx_word' id='word_1_118' title='bbox 2186 1306 2549 1388; x_wconf 72' lang='lat' dir='ltr'><strong>vigiliarium</strong></span> 
     </span>
     <span class='ocr_line' id='line_1_12' title="bbox 352 1408 2552 1495; baseline 0.001 -25"><span class='ocrx_word' id='word_1_119' title='bbox 352 1423 482 1471; x_wconf 86' lang='lat' dir='ltr'><strong>ruat</strong></span> <span class='ocrx_word' id='word_1_120' title='bbox 505 1455 524 1485; x_wconf 88' lang='lat'>,</span> <span class='ocrx_word' id='word_1_121' title='bbox 569 1424 670 1469; x_wconf 79' lang='lat' dir='ltr'><strong>aut</strong></span> <span class='ocrx_word' id='word_1_122' title='bbox 692 1430 858 1470; x_wconf 85' lang='lat' dir='ltr'><strong>mons</strong></span> <span class='ocrx_word' id='word_1_123' title='bbox 883 1432 959 1469; x_wconf 87' lang='lat' dir='ltr'><strong>an</strong></span> <span class='ocrx_word' id='word_1_124' title='bbox 997 1408 1216 1469; x_wconf 75' lang='lat' dir='ltr'><strong>turris?</strong></span> <span class='ocrx_word' id='word_1_125' title='bbox 1257 1408 1449 1469; x_wconf 89' lang='lat' dir='ltr'><strong>Erunt</strong></span> <span class='ocrx_word' id='word_1_126' title='bbox 1490 1421 1685 1468; x_wconf 84' lang='lat' dir='ltr'><strong>tamen</strong></span> <span class='ocrx_word' id='word_1_127' title='bbox 1722 1412 1824 1491; x_wconf 88' lang='lat' dir='ltr'><strong>qui</strong></span> <span class='ocrx_word' id='word_1_128' title='bbox 1872 1409 2027 1468; x_wconf 83' lang='lat' dir='ltr'><strong>hanc</strong></span> <span class='ocrx_word' id='word_1_129' title='bbox 2062 1413 2329 1471; x_wconf 74' lang='lat' dir='ltr'><strong>niiumu</strong></span> <span class='ocrx_word' id='word_1_130' title='bbox 2372 1416 2552 1495; x_wconf 73' lang='lat' dir='ltr'><strong>magis</strong></span> 
     </span>
     <span class='ocr_line' id='line_1_13' title="bbox 347 1513 2549 1599; baseline 0 -22"><span class='ocrx_word' id='word_1_131' title='bbox 347 1520 587 1577; x_wconf 77' lang='lat' dir='ltr'><strong>timeant</strong></span> <span class='ocrx_word' id='word_1_132' title='bbox 609 1560 626 1590; x_wconf 89' lang='lat'>‚</span> <span class='ocrx_word' id='word_1_133' title='bbox 663 1518 923 1598; x_wconf 81' lang='lat' dir='ltr'><strong>quamvis</strong></span> <span class='ocrx_word' id='word_1_134' title='bbox 950 1528 1194 1598; x_wconf 80' lang='lat' dir='ltr'><strong>utraque</strong></span> <span class='ocrx_word' id='word_1_135' title='bbox 1221 1536 1385 1597; x_wconf 70' lang='lat' dir='ltr'><strong>aeque</strong></span> <span class='ocrx_word' id='word_1_136' title='bbox 1418 1513 1708 1575; x_wconf 80' lang='lat' dir='ltr'><strong>mortifera</strong></span> <span class='ocrx_word' id='word_1_137' title='bbox 1740 1514 1832 1575; x_wconf 86' lang='lat' dir='ltr'><strong>sit.</strong></span> <span class='ocrx_word' id='word_1_138' title='bbox 1885 1515 2059 1575; x_wconf 82' lang='lat' dir='ltr'><strong>Nunc</strong></span> <span class='ocrx_word' id='word_1_139' title='bbox 2106 1538 2215 1577; x_wconf 85' lang='lat' dir='ltr'><strong>me</strong></span> <span class='ocrx_word' id='word_1_140' title='bbox 2270 1532 2451 1599; x_wconf 78' lang='lat' dir='ltr'><strong>putas</strong></span> <span class='ocrx_word' id='word_1_141' title='bbox 2480 1520 2549 1579; x_wconf 82' lang='lat' dir='ltr'><strong>de</strong></span> 
     </span>
     <span class='ocr_line' id='line_1_14' title="bbox 349 1621 2547 1706; baseline 0 -21"><span class='ocrx_word' id='word_1_142' title='bbox 349 1626 552 1685; x_wconf 79' lang='lat' dir='ltr'><strong>Stoicis</strong></span> <span class='ocrx_word' id='word_1_143' title='bbox 599 1622 792 1684; x_wconf 81' lang='lat' dir='ltr'><strong>dicere</strong></span> <span class='ocrx_word' id='word_1_144' title='bbox 815 1666 832 1697; x_wconf 91' lang='lat'><strong>,</strong></span> <span class='ocrx_word' id='word_1_145' title='bbox 877 1625 980 1705; x_wconf 87' lang='lat' dir='ltr'><strong>qui</strong></span> <span class='ocrx_word' id='word_1_146' title='bbox 1033 1624 1369 1683; x_wconf 80' lang='lat' dir='ltr'><strong>existimant</strong></span> <span class='ocrx_word' id='word_1_147' title='bbox 1406 1622 1657 1681; x_wconf 81' lang='lat' dir='ltr'><strong>animam</strong></span> <span class='ocrx_word' id='word_1_148' title='bbox 1702 1621 1947 1681; x_wconf 84' lang='lat' dir='ltr'><strong>hominis</strong></span> <span class='ocrx_word' id='word_1_149' title='bbox 1994 1644 2231 1705; x_wconf 79' lang='lat' dir='ltr'><strong>magno</strong></span> <span class='ocrx_word' id='word_1_150' title='bbox 2288 1626 2547 1706; x_wconf 67' lang='lat' dir='ltr'><strong>ponder</strong></span> 
     </span>
     <span class='ocr_line' id='line_1_15' title="bbox 349 1729 2539 1811; baseline 0.001 -22"><span class='ocrx_word' id='word_1_151' title='bbox 349 1732 544 1789; x_wconf 79' lang='lat' dir='ltr'><strong>extriti</strong></span> <span class='ocrx_word' id='word_1_152' title='bbox 569 1774 587 1803; x_wconf 90' lang='lat'>,</span> <span class='ocrx_word' id='word_1_153' title='bbox 625 1751 924 1811; x_wconf 83' lang='lat' dir='ltr'><strong>permeare</strong></span> <span class='ocrx_word' id='word_1_154' title='bbox 951 1750 1069 1789; x_wconf 85' lang='lat' dir='ltr'><strong>non</strong></span> <span class='ocrx_word' id='word_1_155' title='bbox 1099 1748 1267 1810; x_wconf 80' lang='lat' dir='ltr'><strong>posse</strong></span> <span class='ocrx_word' id='word_1_156' title='bbox 1292 1772 1310 1801; x_wconf 89' lang='lat'>,</span> <span class='ocrx_word' id='word_1_157' title='bbox 1348 1740 1406 1788; x_wconf 87' lang='lat' dir='ltr'><strong>et</strong></span> <span class='ocrx_word' id='word_1_158' title='bbox 1433 1729 1621 1787; x_wconf 85' lang='lat' dir='ltr'><strong>statim</strong></span> <span class='ocrx_word' id='word_1_159' title='bbox 1653 1730 1843 1810; x_wconf 75' lang='lat' dir='ltr'><strong>spargi</strong></span> <span class='ocrx_word' id='word_1_160' title='bbox 1864 1771 1882 1802; x_wconf 91' lang='lat'><strong>,</strong></span> <span class='ocrx_word' id='word_1_161' title='bbox 1912 1730 2057 1809; x_wconf 84' lang='lat' dir='ltr'><strong>quia</strong></span> <span class='ocrx_word' id='word_1_162' title='bbox 2088 1747 2225 1790; x_wconf 84' lang='lat' dir='ltr'><strong>non</strong></span> <span class='ocrx_word' id='word_1_163' title='bbox 2262 1731 2447 1792; x_wconf 82' lang='lat' dir='ltr'><strong>suerit</strong></span> <span class='ocrx_word' id='word_1_164' title='bbox 2468 1733 2539 1791; x_wconf 75' lang='lat' dir='ltr'><strong>illi</strong></span> 
     </span>
     <span class='ocr_line' id='line_1_16' title="bbox 345 1833 2535 1915; baseline 0 -20"><span class='ocrx_word' id='word_1_165' title='bbox 345 1838 535 1895; x_wconf 78' lang='lat' dir='ltr'><strong>exitus</strong></span> <span class='ocrx_word' id='word_1_166' title='bbox 559 1835 726 1896; x_wconf 87' lang='lat' dir='ltr'><strong>liber.</strong></span> <span class='ocrx_word' id='word_1_167' title='bbox 754 1860 782 1887; x_wconf 69' lang='lat' dir='ltr'><strong>n</strong></span> <span class='ocrx_word' id='word_1_168' title='bbox 811 1836 962 1894; x_wconf 84' lang='lat' dir='ltr'><strong>Mira</strong></span> <span class='ocrx_word' id='word_1_169' title='bbox 981 1836 1264 1895; x_wconf 77' lang='lat' dir='ltr'><strong>sententia</strong></span> <span class='ocrx_word' id='word_1_170' title='bbox 1279 1880 1296 1908; x_wconf 89' lang='lat'>‚</span> <span class='ocrx_word' id='word_1_171' title='bbox 1323 1833 1428 1895; x_wconf 85' lang='lat' dir='ltr'><strong>sed</strong></span> <span class='ocrx_word' id='word_1_172' title='bbox 1452 1834 1545 1895; x_wconf 89' lang='lat' dir='ltr'><strong>cui</strong></span> <span class='ocrx_word' id='word_1_173' title='bbox 1568 1835 1727 1915; x_wconf 84' lang='lat' dir='ltr'><strong>origo</strong></span> <span class='ocrx_word' id='word_1_174' title='bbox 1750 1846 1809 1893; x_wconf 82' lang='lat' dir='ltr'><strong>et</strong></span> <span class='ocrx_word' id='word_1_175' title='bbox 1830 1835 2289 1896; x_wconf 81' lang='lat' dir='ltr'><strong>finnameutum</strong></span> <span class='ocrx_word' id='word_1_176' title='bbox 2312 1860 2351 1896; x_wconf 82' lang='lat' dir='ltr'><strong>a</strong></span> <span class='ocrx_word' id='word_1_177' title='bbox 2372 1840 2535 1903; x_wconf 77' lang='lat' dir='ltr'><strong>scito,</strong></span> 
     </span>
     <span class='ocr_line' id='line_1_17' title="bbox 351 1924 2531 2025; baseline 0.001 -24"><span class='ocrx_word' id='word_1_178' title='bbox 351 1942 508 2024; x_wconf 89' lang='lat' dir='ltr'><strong>quod</strong></span> <span class='ocrx_word' id='word_1_179' title='bbox 531 1944 721 2000; x_wconf 84' lang='lat' dir='ltr'><strong>anima</strong></span> <span class='ocrx_word' id='word_1_180' title='bbox 751 1944 826 2001; x_wconf 88' lang='lat' dir='ltr'><strong>sit</strong></span> <span class='ocrx_word' id='word_1_181' title='bbox 851 1962 1057 2022; x_wconf 85' lang='lat' dir='ltr'><strong>corpus</strong></span> <span class='ocrx_word' id='word_1_182' title='bbox 1090 1964 1108 1999; x_wconf 73' lang='grc' dir='ltr'><strong><em>ε</em></strong></span> <span class='ocrx_word' id='word_1_183' title='bbox 1139 1943 1336 2023; x_wconf 72' lang='lat' dir='ltr'><strong>itaque</strong></span> <span class='ocrx_word' id='word_1_184' title='bbox 1358 1924 1483 2021; x_wconf 72' lang='lat' dir='ltr'><strong>‘pati</strong></span> <span class='ocrx_word' id='word_1_185' title='bbox 1509 1941 1713 2001; x_wconf 84' lang='lat' dir='ltr'><strong>eadem</strong></span> <span class='ocrx_word' id='word_1_186' title='bbox 1737 1984 1754 2014; x_wconf 91' lang='lat'>,</span> <span class='ocrx_word' id='word_1_187' title='bbox 1789 1962 1915 2021; x_wconf 74' lang='lat' dir='ltr'><strong>quae</strong></span> <span class='ocrx_word' id='word_1_188' title='bbox 1940 1962 2167 2022; x_wconf 87' lang='lat' dir='ltr'><strong>corpus</strong></span> <span class='ocrx_word' id='word_1_189' title='bbox 2191 1988 2211 2015; x_wconf 89' lang='lat'>‚</span> <span class='ocrx_word' id='word_1_190' title='bbox 2240 1956 2309 2002; x_wconf 77' lang='lat' dir='ltr'><strong>et</strong></span> <span class='ocrx_word' id='word_1_191' title='bbox 2334 1945 2503 2025; x_wconf 76' lang='lat' dir='ltr'><strong>affligi</strong></span> <span class='ocrx_word' id='word_1_192' title='bbox 2516 1989 2531 2011; x_wconf 82' lang='grc'>,</span> 
     </span>
     <span class='ocr_line' id='line_1_18' title="bbox 350 2045 2532 2129; baseline 0 -22"><span class='ocrx_word' id='word_1_193' title='bbox 350 2071 416 2107; x_wconf 82' lang='lat' dir='ltr'><strong>ac</strong></span> <span class='ocrx_word' id='word_1_194' title='bbox 449 2048 718 2129; x_wconf 86' lang='lat' dir='ltr'><strong>dissipari</strong></span> <span class='ocrx_word' id='word_1_195' title='bbox 740 2091 757 2121; x_wconf 88' lang='lat'><strong>,</strong></span> <span class='ocrx_word' id='word_1_196' title='bbox 785 2048 951 2106; x_wconf 82' lang='lat' dir='ltr'><strong>solvi.</strong></span> <span class='ocrx_word' id='word_1_197' title='bbox 978 2046 1134 2107; x_wconf 78' lang='lat' dir='ltr'><strong>Alibi</strong></span> <span class='ocrx_word' id='word_1_198' title='bbox 1157 2066 1330 2128; x_wconf 86' lang='lat' dir='ltr'><strong>super</strong></span> <span class='ocrx_word' id='word_1_199' title='bbox 1362 2046 1466 2105; x_wconf 83' lang='lat' dir='ltr'><strong>hac</strong></span> <span class='ocrx_word' id='word_1_200' title='bbox 1498 2048 1777 2107; x_wconf 79' lang='lat' dir='ltr'><strong>sententia</strong></span> <span class='ocrx_word' id='word_1_201' title='bbox 1800 2048 1997 2129; x_wconf 83' lang='lat' dir='ltr'><strong>legere</strong></span> <span class='ocrx_word' id='word_1_202' title='bbox 2024 2045 2199 2108; x_wconf 80' lang='lat' dir='ltr'><strong>haud</strong></span> <span class='ocrx_word' id='word_1_203' title='bbox 2222 2073 2393 2111; x_wconf 87' lang='lat' dir='ltr'><strong>nnnc</strong></span> <span class='ocrx_word' id='word_1_204' title='bbox 2414 2072 2532 2109; x_wconf 66' lang='lat' dir='ltr'><strong>mr·-</strong></span> 
     </span>
     <span class='ocr_line' id='line_1_19' title="bbox 351 2150 2483 2235; baseline -0 -21"><span class='ocrx_word' id='word_1_205' title='bbox 351 2156 496 2217; x_wconf 83' lang='lat' dir='ltr'><strong>mini</strong></span> <span class='ocrx_word' id='word_1_206' title='bbox 521 2200 538 2228; x_wconf 88' lang='lat'>,</span> <span class='ocrx_word' id='word_1_207' title='bbox 568 2154 678 2215; x_wconf 87' lang='lat' dir='ltr'><strong>nisi</strong></span> <span class='ocrx_word' id='word_1_208' title='bbox 711 2156 772 2215; x_wconf 88' lang='lat' dir='ltr'><strong>in</strong></span> <span class='ocrx_word' id='word_1_209' title='bbox 805 2154 980 2214; x_wconf 79' lang='lat' dir='ltr'><strong>Statio</strong></span> <span class='ocrx_word' id='word_1_210' title='bbox 1003 2197 1020 2228; x_wconf 89' lang='lat'>,</span> <span class='ocrx_word' id='word_1_211' title='bbox 1047 2155 1150 2235; x_wconf 83' lang='lat' dir='ltr'><strong>qui</strong></span> <span class='ocrx_word' id='word_1_212' title='bbox 1181 2153 1346 2213; x_wconf 82' lang='lat' dir='ltr'><strong>docte</strong></span> <span class='ocrx_word' id='word_1_213' title='bbox 1376 2152 1481 2234; x_wconf 89' lang='lat' dir='ltr'><strong>(ut</strong></span> <span class='ocrx_word' id='word_1_214' title='bbox 1508 2150 1731 2234; x_wconf 77' lang='lat' dir='ltr'><strong>multa)</strong></span> <span class='ocrx_word' id='word_1_215' title='bbox 1750 2154 2012 2213; x_wconf 77' lang='lat' dir='ltr'><strong>versibus</strong></span> <span class='ocrx_word' id='word_1_216' title='bbox 2030 2156 2303 2216; x_wconf 84' lang='lat' dir='ltr'><strong>inseruit</strong></span> <span class='ocrx_word' id='word_1_217' title='bbox 2321 2158 2445 2217; x_wconf 80' lang='lat' dir='ltr'><strong>isu‘s</strong></span> <span class='ocrx_word' id='word_1_218' title='bbox 2466 2182 2483 2213; x_wconf 75' lang='grc' dir='ltr'><strong><em>ε</em></strong></span> 
     </span>
     <span class='ocr_line' id='line_1_20' title="bbox 978 2293 1891 2377; baseline -0.001 -10"><span class='ocrx_word' id='word_1_219' title='bbox 978 2348 1190 2367; x_wconf 84' lang='grc'><strong>.......</strong></span> <span class='ocrx_word' id='word_1_220' title='bbox 1215 2315 1336 2364; x_wconf 81' lang='lat' dir='ltr'><strong>latet</strong></span> <span class='ocrx_word' id='word_1_221' title='bbox 1362 2293 1493 2364; x_wconf 71' lang='lat' dir='ltr'><strong>intus</strong></span> <span class='ocrx_word' id='word_1_222' title='bbox 1505 2351 1521 2377; x_wconf 91' lang='lat'><strong><em>,</em></strong></span> <span class='ocrx_word' id='word_1_223' title='bbox 1541 2320 1709 2365; x_wconf 77' lang='lat' dir='ltr'><strong>monte</strong></span> <span class='ocrx_word' id='word_1_224' title='bbox 1730 2314 1891 2366; x_wconf 66' lang='lat' dir='ltr'><strong>soluto</strong></span> 
     </span>
    </p>
   </div>
   <div class='ocr_carea' id='block_1_3' title="bbox 683 2401 2489 2567">
    <p class='ocr_par' dir='ltr' id='par_1_3' title="bbox 683 2401 2489 2567">
     <span class='ocr_line' id='line_1_21' title="bbox 689 2401 2088 2473; baseline -0.001 -16"><span class='ocrx_word' id='word_1_225' title='bbox 689 2401 908 2457; x_wconf 76' lang='lat' dir='ltr'><strong>Obrutus</strong></span> <span class='ocrx_word' id='word_1_226' title='bbox 925 2441 940 2466; x_wconf 91' lang='lat'><strong>,</strong></span> <span class='ocrx_word' id='word_1_227' title='bbox 965 2421 1022 2454; x_wconf 75' lang='lat' dir='ltr'><strong>ac</strong></span> <span class='ocrx_word' id='word_1_228' title='bbox 1039 2403 1233 2473; x_wconf 73' lang='lat' dir='ltr'><strong>penitus</strong></span> <span class='ocrx_word' id='word_1_229' title='bbox 1255 2403 1467 2455; x_wconf 83' lang='lat' dir='ltr'><strong>fractum</strong></span> <span class='ocrx_word' id='word_1_230' title='bbox 1488 2403 1856 2473; x_wconf 79' lang='lat' dir='ltr'><strong>obductumque</strong></span> <span class='ocrx_word' id='word_1_231' title='bbox 1878 2404 2088 2455; x_wconf 75' lang='lat' dir='ltr'><strong>cadaver</strong></span> 
     </span>
     <span class='ocr_line' id='line_1_22' title="bbox 683 2492 2489 2567; baseline 0.003 -21"><span class='ocrx_word' id='word_1_232' title='bbox 683 2495 1028 2564; x_wconf 65' lang='lat' dir='ltr'><strong>indignantem</strong></span> <span class='ocrx_word' id='word_1_233' title='bbox 1049 2495 1279 2547; x_wconf 76' lang='lat' dir='ltr'><strong>Animam</strong></span> <span class='ocrx_word' id='word_1_234' title='bbox 1299 2495 1513 2566; x_wconf 83' lang='lat' dir='ltr'><strong>propriis</strong></span> <span class='ocrx_word' id='word_1_235' title='bbox 1533 2514 1637 2548; x_wconf 86' lang='lat' dir='ltr'><strong>non</strong></span> <span class='ocrx_word' id='word_1_236' title='bbox 1655 2492 1873 2548; x_wconf 75' lang='lat' dir='ltr'><strong>reddidit</strong></span> <span class='ocrx_word' id='word_1_237' title='bbox 1889 2497 2047 2547; x_wconf 72' lang='lat' dir='ltr'><strong>asu-is.</strong></span> <span class='ocrx_word' id='word_1_238' title='bbox 2076 2497 2364 2567; x_wconf 66' lang='lat' dir='ltr'><strong>(neh-id.</strong></span> <span class='ocrx_word' id='word_1_239' title='bbox 2384 2503 2489 2567; x_wconf 68' lang='lat' dir='ltr'><strong>w.)</strong></span> 
     </span>
    </p>
   </div>
   <div class='ocr_carea' id='block_1_4' title="bbox 267 2641 2517 3580">
    <p class='ocr_par' dir='ltr' id='par_1_4' title="bbox 267 2641 2517 3580">
     <span class='ocr_line' id='line_1_23' title="bbox 357 2641 2517 2730; baseline 0.003 -28"><span class='ocrx_word' id='word_1_240' title='bbox 357 2643 634 2725; x_wconf 83' lang='lat' dir='ltr'><strong>Loquitur</strong></span> <span class='ocrx_word' id='word_1_241' title='bbox 662 2642 736 2702; x_wconf 87' lang='lat' dir='ltr'><strong>de</strong></span> <span class='ocrx_word' id='word_1_242' title='bbox 775 2644 900 2702; x_wconf 85' lang='lat' dir='ltr'><strong>auri</strong></span> <span class='ocrx_word' id='word_1_243' title='bbox 945 2655 1258 2704; x_wconf 71' lang='lat' dir='ltr'><strong>scrutatore</strong></span> <span class='ocrx_word' id='word_1_244' title='bbox 1277 2687 1296 2716; x_wconf 90' lang='lat'>,</span> <span class='ocrx_word' id='word_1_245' title='bbox 1343 2642 1443 2724; x_wconf 85' lang='lat' dir='ltr'><strong>qui</strong></span> <span class='ocrx_word' id='word_1_246' title='bbox 1472 2655 1652 2702; x_wconf 83' lang='lat' dir='ltr'><strong>terras</strong></span> <span class='ocrx_word' id='word_1_247' title='bbox 1686 2656 1744 2702; x_wconf 88' lang='lat' dir='ltr'><strong>et</strong></span> <span class='ocrx_word' id='word_1_248' title='bbox 1770 2641 1943 2703; x_wconf 89' lang='lat' dir='ltr'><strong>colles</strong></span> <span class='ocrx_word' id='word_1_249' title='bbox 1972 2643 2130 2704; x_wconf 82' lang='lat' dir='ltr'><strong>subit</strong></span> <span class='ocrx_word' id='word_1_250' title='bbox 2156 2689 2179 2719; x_wconf 88' lang='lat'>,</span> <span class='ocrx_word' id='word_1_251' title='bbox 2213 2669 2517 2730; x_wconf 74' lang='lat' dir='ltr'><strong>earumque</strong></span> 
     </span>
     <span class='ocr_line' id='line_1_24' title="bbox 267 2729 2517 2835; baseline 0.001 -26"><span class='ocrx_word' id='word_1_252' title='bbox 267 2729 274 2744; x_wconf 52' lang='lat'>¹</span> <span class='ocrx_word' id='word_1_253' title='bbox 357 2751 546 2810; x_wconf 84' lang='lat' dir='ltr'><strong>subito</strong></span> <span class='ocrx_word' id='word_1_254' title='bbox 575 2750 742 2830; x_wconf 83' lang='lat' dir='ltr'><strong>lapsu</strong></span> <span class='ocrx_word' id='word_1_255' title='bbox 766 2750 1030 2810; x_wconf 83' lang='lat' dir='ltr'><strong>obruitur</strong></span> <span class='ocrx_word' id='word_1_256' title='bbox 1053 2773 1072 2808; x_wconf 77' lang='lat' dir='ltr'><em>z</em></span> <span class='ocrx_word' id='word_1_257' title='bbox 1097 2771 1203 2808; x_wconf 87' lang='lat' dir='ltr'><strong>nec</strong></span> <span class='ocrx_word' id='word_1_258' title='bbox 1233 2749 1483 2808; x_wconf 79' lang='lat' dir='ltr'><strong>animam</strong></span> <span class='ocrx_word' id='word_1_259' title='bbox 1513 2761 1703 2830; x_wconf 83' lang='lat' dir='ltr'><strong>potest</strong></span> <span class='ocrx_word' id='word_1_260' title='bbox 1722 2747 1797 2808; x_wconf 89' lang='lat' dir='ltr'><strong>ad</strong></span> <span class='ocrx_word' id='word_1_261' title='bbox 1818 2749 2003 2809; x_wconf 86' lang='lat' dir='ltr'><strong>sidera</strong></span> <span class='ocrx_word' id='word_1_262' title='bbox 2032 2752 2309 2811; x_wconf 75' lang='lat' dir='ltr'><strong>emittere</strong></span> <span class='ocrx_word' id='word_1_263' title='bbox 2325 2796 2346 2827; x_wconf 87' lang='lat'>‚</span> <span class='ocrx_word' id='word_1_264' title='bbox 2368 2777 2517 2835; x_wconf 78' lang='lat' dir='ltr'><strong>pres-</strong></span> 
     </span>
     <span class='ocr_line' id='line_1_25' title="bbox 351 2853 2513 2920; baseline 0.001 -4"><span class='ocrx_word' id='word_1_265' title='bbox 351 2879 480 2916; x_wconf 79' lang='lat' dir='ltr'><strong>sam</strong></span> <span class='ocrx_word' id='word_1_266' title='bbox 515 2857 597 2915; x_wconf 90' lang='lat' dir='ltr'><strong>sic</strong></span> <span class='ocrx_word' id='word_1_267' title='bbox 627 2869 690 2917; x_wconf 84' lang='lat' dir='ltr'><strong>et</strong></span> <span class='ocrx_word' id='word_1_268' title='bbox 715 2856 1002 2916; x_wconf 77' lang='lat' dir='ltr'><strong>obtritam.</strong></span> <span class='ocrx_word' id='word_1_269' title='bbox 1045 2856 1288 2917; x_wconf 80' lang='lat' dir='ltr'><strong>Veteres</strong></span> <span class='ocrx_word' id='word_1_270' title='bbox 1317 2867 1377 2914; x_wconf 89' lang='lat' dir='ltr'><strong>et</strong></span> <span class='ocrx_word' id='word_1_271' title='bbox 1404 2855 1539 2914; x_wconf 88' lang='lat' dir='ltr'><strong>novi</strong></span> <span class='ocrx_word' id='word_1_272' title='bbox 1566 2853 1889 2916; x_wconf 67' lang='lat' dir='ltr'><strong>Scholiasta</strong></span> <span class='ocrx_word' id='word_1_273' title='bbox 1926 2857 2119 2915; x_wconf 86' lang='lat' dir='ltr'><strong>silent.</strong></span> <span class='ocrx_word' id='word_1_274' title='bbox 2160 2859 2259 2916; x_wconf 79' lang='lat' dir='ltr'><strong>An</strong></span> <span class='ocrx_word' id='word_1_275' title='bbox 2290 2883 2409 2920; x_wconf 81' lang='lat' dir='ltr'><strong>nou</strong></span> <span class='ocrx_word' id='word_1_276' title='bbox 2434 2863 2513 2918; x_wconf 83' lang='lat' dir='ltr'><strong>si-</strong></span> 
     </span>
     <span class='ocr_line' id='line_1_26' title="bbox 355 2958 2511 3042; baseline 0.001 -20"><span class='ocrx_word' id='word_1_277' title='bbox 355 2964 496 3023; x_wconf 81' lang='lat' dir='ltr'><strong>mile</strong></span> <span class='ocrx_word' id='word_1_278' title='bbox 527 2975 720 3022; x_wconf 88' lang='lat' dir='ltr'><strong>autem</strong></span> <span class='ocrx_word' id='word_1_279' title='bbox 767 2962 830 3021; x_wconf 88' lang='lat' dir='ltr'><strong>in</strong></span> <span class='ocrx_word' id='word_1_280' title='bbox 870 2962 1049 3042; x_wconf 82' lang='lat' dir='ltr'><strong>Aquis</strong></span> <span class='ocrx_word' id='word_1_281' title='bbox 1073 3003 1091 3034; x_wconf 86' lang='lat'>‚</span> <span class='ocrx_word' id='word_1_282' title='bbox 1136 2962 1236 3020; x_wconf 87' lang='lat' dir='ltr'><strong>ubi</strong></span> <span class='ocrx_word' id='word_1_283' title='bbox 1279 2958 1567 3041; x_wconf 81' lang='lat' dir='ltr'><strong>profundo</strong></span> <span class='ocrx_word' id='word_1_284' title='bbox 1608 2961 1971 3022; x_wconf 81' lang='lat' dir='ltr'><strong>mersantur?</strong></span> <span class='ocrx_word' id='word_1_285' title='bbox 2012 2961 2255 3024; x_wconf 77' lang='lat' dir='ltr'><strong>Servius</strong></span> <span class='ocrx_word' id='word_1_286' title='bbox 2283 2965 2437 3025; x_wconf 79' lang='lat' dir='ltr'><strong>dicat</strong></span> <span class='ocrx_word' id='word_1_287' title='bbox 2462 2968 2511 3024; x_wconf 84' lang='lat' dir='ltr'><strong>in</strong></span> 
     </span>
     <span class='ocr_line' id='line_1_27' title="bbox 357 3066 2506 3154; baseline -0 -24"><span class='ocrx_word' id='word_1_288' title='bbox 357 3067 666 3154; x_wconf 80' lang='lat' dir='ltr'><strong>Virgilium</strong></span> <span class='ocrx_word' id='word_1_289' title='bbox 687 3068 761 3151; x_wconf 89' lang='grc' dir='ltr'><strong>(Ι</strong></span> <span class='ocrx_word' id='word_1_290' title='bbox 787 3067 916 3128; x_wconf 84' lang='lat' dir='ltr'><strong>AEn.</strong></span> <span class='ocrx_word' id='word_1_291' title='bbox 934 3066 963 3150; x_wconf 92' lang='lat'>)</span> <span class='ocrx_word' id='word_1_292' title='bbox 981 3112 998 3143; x_wconf 89' lang='lat'>,</span> <span class='ocrx_word' id='word_1_293' title='bbox 1035 3089 1214 3148; x_wconf 90' lang='lat' dir='ltr'><strong>quum</strong></span> <span class='ocrx_word' id='word_1_294' title='bbox 1234 3113 1252 3143; x_wconf 90' lang='lat'>‚</span> <span class='ocrx_word' id='word_1_295' title='bbox 1283 3069 1533 3128; x_wconf 86' lang='lat' dir='ltr'><strong>instante</strong></span> <span class='ocrx_word' id='word_1_296' title='bbox 1560 3067 1859 3151; x_wconf 71' lang='lat' dir='ltr'><strong>musragio</strong></span> <span class='ocrx_word' id='word_1_297' title='bbox 1875 3112 1894 3143; x_wconf 85' lang='lat'>,</span> <span class='ocrx_word' id='word_1_298' title='bbox 1932 3095 1963 3122; x_wconf 82' lang='grc' dir='ltr'><strong>α</strong></span> <span class='ocrx_word' id='word_1_299' title='bbox 1987 3068 2249 3152; x_wconf 78' lang='lat' dir='ltr'><strong>Ingemit</strong></span> <span class='ocrx_word' id='word_1_300' title='bbox 2272 3070 2506 3134; x_wconf 70' lang='lat' dir='ltr'><strong>AEnoes:</strong></span> 
     </span>
     <span class='ocr_line' id='line_1_28' title="bbox 356 3176 2509 3266; baseline 0.001 -29"><span class='ocrx_word' id='word_1_301' title='bbox 356 3199 470 3238; x_wconf 88' lang='lat' dir='ltr'><strong>non</strong></span> <span class='ocrx_word' id='word_1_302' title='bbox 503 3191 734 3258; x_wconf 88' lang='lat' dir='ltr'><strong>propter</strong></span> <span class='ocrx_word' id='word_1_303' title='bbox 759 3189 998 3236; x_wconf 86' lang='lat' dir='ltr'><strong>mortem</strong></span> <span class='ocrx_word' id='word_1_304' title='bbox 1019 3219 1036 3248; x_wconf 90' lang='lat'>‚</span> <span class='ocrx_word' id='word_1_305' title='bbox 1077 3177 1264 3258; x_wconf 85' lang='lat' dir='ltr'><strong>inquit</strong></span> <span class='ocrx_word' id='word_1_306' title='bbox 1287 3219 1304 3250; x_wconf 90' lang='lat'>,</span> <span class='ocrx_word' id='word_1_307' title='bbox 1335 3176 1454 3266; x_wconf 27' lang='lat' dir='ltr'><strong>‘sed</strong></span> <span class='ocrx_word' id='word_1_308' title='bbox 1480 3189 1713 3258; x_wconf 83' lang='lat' dir='ltr'><strong>propter</strong></span> <span class='ocrx_word' id='word_1_309' title='bbox 1738 3177 1936 3236; x_wconf 85' lang='lat' dir='ltr'><strong>mortis</strong></span> <span class='ocrx_word' id='word_1_310' title='bbox 1964 3198 2149 3258; x_wconf 81' lang='lat' dir='ltr'><strong>genus</strong></span> <span class='ocrx_word' id='word_1_311' title='bbox 2180 3201 2200 3248; x_wconf 81' lang='lat'><em>3</em></span> <span class='ocrx_word' id='word_1_312' title='bbox 2230 3201 2407 3260; x_wconf 71' lang='lat' dir='ltr'><strong>grave</strong></span> <span class='ocrx_word' id='word_1_313' title='bbox 2436 3195 2509 3239; x_wconf 56' lang='lat' dir='ltr'><strong>§t</strong></span> 
     </span>
     <span class='ocr_line' id='line_1_29' title="bbox 351 3269 2505 3366; baseline 0.002 -24"><span class='ocrx_word' id='word_1_314' title='bbox 351 3269 513 3342; x_wconf 76' lang='lat' dir='ltr'><strong>enim</strong></span> <span class='ocrx_word' id='word_1_315' title='bbox 533 3326 550 3355; x_wconf 90' lang='lat'><strong>‚</strong></span> <span class='ocrx_word' id='word_1_316' title='bbox 602 3283 917 3344; x_wconf 86' lang='lat' dir='ltr'><strong>secundum</strong></span> <span class='ocrx_word' id='word_1_317' title='bbox 960 3282 1278 3344; x_wconf 83' lang='lat' dir='ltr'><strong>Homerum</strong></span> <span class='ocrx_word' id='word_1_318' title='bbox 1303 3327 1321 3356; x_wconf 90' lang='lat'>,</span> <span class='ocrx_word' id='word_1_319' title='bbox 1376 3285 1567 3364; x_wconf 85' lang='lat' dir='ltr'><strong>perire</strong></span> <span class='ocrx_word' id='word_1_320' title='bbox 1613 3282 1915 3366; x_wconf 78' lang='lat' dir='ltr'><strong>naufragio</strong></span> <span class='ocrx_word' id='word_1_321' title='bbox 1938 3327 1957 3358; x_wconf 91' lang='lat'>‚</span> <span class='ocrx_word' id='word_1_322' title='bbox 1988 3286 2127 3365; x_wconf 85' lang='lat' dir='ltr'><strong>quia</strong></span> <span class='ocrx_word' id='word_1_323' title='bbox 2174 3286 2391 3348; x_wconf 76' lang='lat' dir='ltr'><strong>Anima</strong></span> <span class='ocrx_word' id='word_1_324' title='bbox 2433 3303 2505 3347; x_wconf 73' lang='lat' dir='ltr'><strong>est</strong></span> 
     </span>
     <span class='ocr_line' id='line_1_30' title="bbox 323 3383 2498 3474; baseline 0.002 -24"><span class='ocrx_word' id='word_1_325' title='bbox 323 3383 340 3394; x_wconf 69' lang='grc'><strong><em>’</em></strong></span> <span class='ocrx_word' id='word_1_326' title='bbox 359 3393 528 3474; x_wconf 79' lang='lat' dir='ltr'><strong>ignea</strong></span> <span class='ocrx_word' id='word_1_327' title='bbox 552 3433 568 3463; x_wconf 92' lang='lat'>‚</span> <span class='ocrx_word' id='word_1_328' title='bbox 606 3402 664 3449; x_wconf 88' lang='lat' dir='ltr'><strong>et</strong></span> <span class='ocrx_word' id='word_1_329' title='bbox 691 3391 973 3474; x_wconf 83' lang='lat' dir='ltr'><strong>exstingui</strong></span> <span class='ocrx_word' id='word_1_330' title='bbox 1015 3390 1243 3450; x_wconf 87' lang='lat' dir='ltr'><strong>videtur</strong></span> <span class='ocrx_word' id='word_1_331' title='bbox 1271 3393 1334 3450; x_wconf 87' lang='lat' dir='ltr'><strong>in</strong></span> <span class='ocrx_word' id='word_1_332' title='bbox 1360 3392 1529 3452; x_wconf 83' lang='lat' dir='ltr'><strong>mari.</strong></span> <span class='ocrx_word' id='word_1_333' title='bbox 1560 3417 1589 3444; x_wconf 68' lang='grc' dir='ltr'><strong>ι»</strong></span> <span class='ocrx_word' id='word_1_334' title='bbox 1617 3390 1787 3465; x_wconf 82' lang='lat' dir='ltr'><strong>Quod</strong></span> <span class='ocrx_word' id='word_1_335' title='bbox 1820 3392 1975 3451; x_wconf 81' lang='lat' dir='ltr'><strong>idem</strong></span> <span class='ocrx_word' id='word_1_336' title='bbox 2004 3391 2289 3472; x_wconf 79' lang='lat' dir='ltr'><strong>synesius</strong></span> <span class='ocrx_word' id='word_1_337' title='bbox 2320 3408 2465 3454; x_wconf 74' lang='lat' dir='ltr'><strong>notat</strong></span> <span class='ocrx_word' id='word_1_338' title='bbox 2482 3439 2498 3468; x_wconf 91' lang='lat'>,</span> 
     </span>
     <span class='ocr_line' id='line_1_31' title="bbox 355 3494 1676 3580; baseline -0.001 -21"><span class='ocrx_word' id='word_1_339' title='bbox 355 3510 418 3560; x_wconf 78' lang='lat' dir='ltr'><strong>et</strong></span> <span class='ocrx_word' id='word_1_340' title='bbox 447 3497 688 3557; x_wconf 83' lang='lat' dir='ltr'><strong>Homeri</strong></span> <span class='ocrx_word' id='word_1_341' title='bbox 715 3518 944 3558; x_wconf 85' lang='lat' dir='ltr'><strong>versum</strong></span> <span class='ocrx_word' id='word_1_342' title='bbox 978 3497 1211 3558; x_wconf 83' lang='lat' dir='ltr'><strong>adducit</strong></span> <span class='ocrx_word' id='word_1_343' title='bbox 1233 3494 1367 3580; x_wconf 90' lang='grc' dir='ltr'>(ΙΙΙ</span> <span class='ocrx_word' id='word_1_344' title='bbox 1396 3497 1628 3580; x_wconf 87' lang='lat' dir='ltr'><strong>Epist.)</strong></span> <span class='ocrx_word' id='word_1_345' title='bbox 1659 3523 1676 3558; x_wconf 75' lang='grc' dir='ltr'><strong><em>ε</em></strong></span> 
     </span>
    </p>
   </div>
   <div class='ocr_carea' id='block_1_5' title="bbox 352 3619 2493 4067">
    <p class='ocr_par' dir='ltr' id='par_1_5' title="bbox 694 3619 1877 3720">
     <span class='ocr_line' id='line_1_32' title="bbox 694 3619 1877 3720; baseline 0.002 -20"><span class='ocrx_word' id='word_1_346' title='bbox 694 3649 812 3708; x_wconf 66' lang='grc' dir='ltr'><strong>Αἴας</strong></span> <span class='ocrx_word' id='word_1_347' title='bbox 835 3649 1184 3709; x_wconf 62' lang='grc' dir='ltr'><strong>δ’ἒξαπὸλολιν</strong></span> <span class='ocrx_word' id='word_1_348' title='bbox 1203 3689 1219 3717; x_wconf 82' lang='grc'><strong><em>,</em></strong></span> <span class='ocrx_word' id='word_1_349' title='bbox 1244 3651 1348 3703; x_wconf 61' lang='lat' dir='ltr'><strong>im!</strong></span> <span class='ocrx_word' id='word_1_350' title='bbox 1376 3652 1483 3704; x_wconf 72' lang='grc' dir='ltr'><strong>πίεν</strong></span> <span class='ocrx_word' id='word_1_351' title='bbox 1508 3653 1713 3718; x_wconf 58' lang='lat' dir='ltr'><strong>amp„</strong></span> <span class='ocrx_word' id='word_1_352' title='bbox 1734 3619 1877 3720; x_wconf 49' lang='lat' dir='ltr'><strong>&amp;ds-p·</strong></span> 
     </span>
    </p>

    <p class='ocr_par' dir='ltr' id='par_1_6' title="bbox 352 3741 2493 4067">
     <span class='ocr_line' id='line_1_33' title="bbox 682 3741 1977 3812; baseline 0.001 -20"><span class='ocrx_word' id='word_1_353' title='bbox 682 3743 812 3804; x_wconf 53' lang='lat' dir='ltr'><strong>Aiax</strong></span> <span class='ocrx_word' id='word_1_354' title='bbox 833 3741 1056 3811; x_wconf 80' lang='lat' dir='ltr'><strong>disperiit</strong></span> <span class='ocrx_word' id='word_1_355' title='bbox 1075 3780 1091 3804; x_wconf 91' lang='lat'><strong>,</strong></span> <span class='ocrx_word' id='word_1_356' title='bbox 1113 3750 1377 3812; x_wconf 77' lang='lat' dir='ltr'><strong>postquam</strong></span> <span class='ocrx_word' id='word_1_357' title='bbox 1398 3743 1525 3794; x_wconf 87' lang='lat' dir='ltr'><strong>bibit</strong></span> <span class='ocrx_word' id='word_1_358' title='bbox 1546 3759 1753 3812; x_wconf 67' lang='lat' dir='ltr'><strong>equom</strong></span> <span class='ocrx_word' id='word_1_359' title='bbox 1774 3743 1977 3794; x_wconf 75' lang='lat' dir='ltr'><strong>undam.</strong></span> 
     </span>
     <span class='ocr_line' id='line_1_34' title="bbox 352 3879 2493 3965; baseline 0.003 -27"><span class='ocrx_word' id='word_1_360' title='bbox 352 3879 533 3952; x_wconf 83' lang='lat' dir='ltr'><strong>Quasi</strong></span> <span class='ocrx_word' id='word_1_361' title='bbox 576 3881 748 3960; x_wconf 88' lang='lat' dir='ltr'><strong>plane</strong></span> <span class='ocrx_word' id='word_1_362' title='bbox 785 3881 860 3939; x_wconf 87' lang='lat' dir='ltr'><strong>ab</strong></span> <span class='ocrx_word' id='word_1_363' title='bbox 905 3880 1111 3940; x_wconf 80' lang='lat' dir='ltr'><strong>Anima</strong></span> <span class='ocrx_word' id='word_1_364' title='bbox 1141 3881 1311 3940; x_wconf 85' lang='lat' dir='ltr'><strong>etiam</strong></span> <span class='ocrx_word' id='word_1_365' title='bbox 1343 3882 1605 3961; x_wconf 83' lang='lat' dir='ltr'><strong>periisset</strong></span> <span class='ocrx_word' id='word_1_366' title='bbox 1634 3905 1651 3938; x_wconf 74' lang='grc' dir='ltr'><strong><em>ε</em></strong></span> <span class='ocrx_word' id='word_1_367' title='bbox 1688 3892 2022 3963; x_wconf 81' lang='lat' dir='ltr'><strong>argumento</strong></span> <span class='ocrx_word' id='word_1_368' title='bbox 2070 3893 2271 3942; x_wconf 60' lang='lat' dir='ltr'><strong>taimen</strong></span> <span class='ocrx_word' id='word_1_369' title='bbox 2318 3907 2493 3965; x_wconf 78' lang='lat' dir='ltr'><strong>parum</strong></span> 
     </span>
     <span class='ocr_line' id='line_1_35' title="bbox 359 3985 2493 4067; baseline 0.004 -26"><span class='ocrx_word' id='word_1_370' title='bbox 359 3985 542 4044; x_wconf 78' lang='lat' dir='ltr'><strong>firmo.</strong></span> <span class='ocrx_word' id='word_1_371' title='bbox 562 3985 784 4045; x_wconf 83' lang='lat' dir='ltr'><strong>Seneca</strong></span> <span class='ocrx_word' id='word_1_372' title='bbox 810 3988 870 4044; x_wconf 88' lang='lat' dir='ltr'><strong>in</strong></span> <span class='ocrx_word' id='word_1_373' title='bbox 907 3985 1108 4046; x_wconf 84' lang='lat' dir='ltr'><strong>eodem</strong></span> <span class='ocrx_word' id='word_1_374' title='bbox 1141 3985 1471 4067; x_wconf 82' lang='lat' dir='ltr'><strong>adspexisse</strong></span> <span class='ocrx_word' id='word_1_375' title='bbox 1500 3987 1747 4061; x_wconf 79' lang='lat' dir='ltr'><strong>videtur,</strong></span> <span class='ocrx_word' id='word_1_376' title='bbox 1784 3988 1881 4048; x_wconf 87' lang='lat' dir='ltr'><strong>ubi</strong></span> <span class='ocrx_word' id='word_1_377' title='bbox 1912 3989 2189 4052; x_wconf 71' lang='lat' dir='ltr'><strong>saevitiam</strong></span> <span class='ocrx_word' id='word_1_378' title='bbox 2218 3989 2343 4051; x_wconf 74' lang='lat' dir='ltr'><strong>Caii</strong></span> <span class='ocrx_word' id='word_1_379' title='bbox 2374 4013 2493 4052; x_wconf 79' lang='lat' dir='ltr'><strong>exa-</strong></span> 
     </span>
    </p>
   </div>
   <div class='ocr_carea' id='block_1_6' title="bbox 457 3815 498 3824">
    <p class='ocr_par' dir='ltr' id='par_1_7' title="bbox 457 3815 498 3824">
     <span class='ocr_line' id='line_1_36' title="bbox 457 3815 498 3824; baseline -0.049 0"><span class='ocrx_word' id='word_1_380' title='bbox 457 3815 498 3824; x_wconf 67' lang='lat'><strong>..—</strong></span> 
     </span>
    </p>
   </div>
  </div>
 </body>
</html>
