2667 4475
432 303 569 400 476
1000 302 1434 374 SENECAE
1479 301 1618 372 ΕΤ
1665 304 1994 374 PAULI

434 447 689 526 quanto
714 430 1119 526 indignandi
1146 434 1566 504 occasionem
1591 449 1865 530 captant
1897 461 1914 500 ε
1946 431 2196 526 quibus
2224 434 2288 502 si
2311 435 2566 528 patien-

439 551 601 617 tiam
642 549 915 633 demus,
960 549 1342 619 omnimodo
1385 573 1500 618 eos
1541 575 1814 642 quaqua
1849 567 2043 644 parte
2083 552 2486 629 vincemus,
2519 554 2564 618 si

437 661 633 730 modo
670 662 743 730 hi
773 679 928 732 sunt
949 714 973 750 ,
1004 665 1125 757 qui
1154 666 1614 760 poenitentiam
1658 667 1764 735 sui
1807 679 2069 759 gerant.
2105 667 2294 732 Bene
2319 665 2560 733 valete.

638 845 805 909 vll.
865 867 1131 914 sauses
1172 868 1406 912 nuto
1445 867 1530 908 ετ
1571 867 1985 916 ‘rasorium
2023 867 2392 910 urunt.

530 1011 864 1080 Profiteor
884 1013 1061 1082 bene
1090 1037 1196 1081 me
1222 1029 1572 1105 acceptum
1603 1014 1675 1080 in
1698 1012 1990 1081 lectione
2018 1011 2416 1080 litterarum
2447 1029 2570 1080 tua·

438 1149 587 1194 rum
609 1175 627 1208 ,
675 1149 843 1218 quas
870 1128 1125 1196 Galatis
1145 1178 1164 1211 ‚
1206 1127 1621 1211 Corinthiis,
1655 1144 1724 1196 et
1757 1127 2024 1198 Achaeis
2057 1130 2337 1196 misisti.
2379 1133 2468 1196 Et
2493 1131 2575 1198 ita

436 1241 725 1310 invicem
764 1221 1068 1310 vivamus
1096 1292 1115 1326 ,
1150 1258 1225 1310 ut
1260 1245 1462 1312 etiam
1503 1267 1658 1312 cum
1684 1242 1945 1312 honore
1975 1241 2212 1312 divino
2247 1265 2372 1312 eas
2397 1244 2578 1313 exhi-

438 1353 736 1424 beamus.
784 1359 1076 1450 Spiritus
1114 1359 1293 1426 enlm
1341 1376 1609 1428 sanctus
1645 1361 1720 1426 in
1761 1375 1827 1428 te
1867 1357 2223 1442 excelsior,
2261 1376 2338 1427 et
2368 1356 2578 1428 subli-

438 1472 635 1558 mior,
670 1479 736 1541 et
764 1498 969 1568 super
994 1490 1063 1542 te
1092 1475 1383 1544 excelsos
1411 1491 1480 1543 et
1506 1473 1937 1544 sublimiores
1961 1475 2123 1543 satis
2147 1473 2576 1542 venerabiles

439 1609 672 1656 sensus
694 1591 1031 1682 exprimit.
1049 1589 1307 1658 Vellem
1329 1593 1558 1682 itaque
1581 1614 1790 1682 quum
1811 1613 1921 1657 res
1941 1589 2221 1656 eximias
2239 1588 2572 1682 proferas,

438 1719 514 1772 ut
547 1705 875 1796 majestati
912 1729 1143 1773 earum
1177 1706 1396 1774 cultus
1423 1707 1751 1774 sermonis
1776 1728 1914 1772 non
1941 1703 2139 1771 desit.
2173 1707 2269 1772 Et
2293 1729 2396 1773 ue
2423 1701 2576 1797 quid

438 1815 592 1899 tibi,
618 1817 852 1898 frater,
880 1820 1266 1909 surripiam,
1299 1835 1414 1887 aut
1437 1821 1865 1888 conscientiae
1885 1841 2052 1896 meoe
2077 1816 2406 1902 debeam,
2431 1843 2576 1887 con·

441 1932 638 2000 fiteor
682 1935 1055 2024 Augustum
1101 1936 1408 2004 sensibus
1453 1937 1584 2004 tuis
1625 1951 2048 2029 permotum,
2087 1937 2201 2002 cui
2232 1935 2422 2004 lecto
2451 1938 2580 2002 vir-

444 2049 607 2116 tutis
658 2049 730 2115 in
768 2065 834 2116 te
878 2050 1150 2118 exordio
1204 2053 1332 2120 ista
1387 2077 1516 2120 vox
1557 2052 1722 2134 fuit,
1775 2053 2018 2120 Mirari
2051 2075 2208 2118 eum
2255 2053 2360 2121 sic
2398 2076 2578 2145 posse

446 2163 668 2257 loqui,
709 2180 785 2232 ut
822 2167 1115 2259 quinon
1162 2166 1464 2262 legitime
1513 2167 1811 2237 imbutus
1858 2168 1983 2254 sit,
2031 2167 2262 2235 taliter
2308 2171 2572 2237 sentiat.

448 2284 576 2351 Cui
638 2304 765 2376 ego
809 2283 1171 2376 respondi,
1225 2284 1441 2352 solere
1472 2282 1634 2352 deos
1674 2308 1793 2357 ore
1833 2286 2300 2353 innocentium
2349 2286 2574 2367 efflari,

447 2412 565 2465 aut
592 2421 823 2467 eorum
852 2401 972 2492 qui
998 2402 1430 2492 praevaricari
1461 2398 1772 2469 doctrina
1798 2400 2072 2493 quidem
2103 2425 2225 2468 sua
2253 2418 2540 2493 possunt
2557 2450 2576 2481 ,

448 2526 519 2578 et
553 2510 707 2579 dato
746 2514 806 2579 ei
842 2513 1144 2607 exemplo
1170 2514 1479 2581 Vaticani
1505 2512 1806 2581 hominis
1830 2514 2182 2595 rusticuli,
2223 2515 2342 2582 cui
2377 2538 2576 2605 quum

450 2625 585 2692 duo
622 2628 755 2693 viri
782 2630 1249 2720 apparuissent
1277 2631 1352 2697 in
1376 2651 1542 2722 agro
1567 2628 1862 2699 Reatino
1882 2676 1904 2711 ,
1936 2628 2056 2720 qui
2079 2644 2320 2720 postea
2351 2631 2580 2697 Castor

452 2754 521 2805 et
546 2739 783 2812 Pollux
810 2758 965 2810 sunt
990 2744 1356 2825 nominati,
1391 2745 1554 2811 satis
1579 2746 1946 2813 instructus
1971 2740 2277 2811 videtur.
2311 2744 2510 2812 Vale.

878 2934 1083 2995 VIII.
1132 2956 1407 2997 »Annus
1447 2953 1744 2996 snm-:cz
1785 2953 2140 2995 saturnu.

551 3094 742 3159 Licet
777 3116 914 3159 non
952 3094 1259 3185 ignorem
1287 3092 1618 3161 Caesarem
1651 3104 1950 3158 nostrum
1983 3111 2212 3155 rerum
2243 3089 2584 3159 admiran-

452 3208 690 3278 darum
720 3209 774 3275 si
803 3206 1072 3299 quando
1095 3206 1367 3274 deficiet
1392 3222 1752 3274 amatorem
1782 3227 1953 3287 esse,
1984 3204 2344 3297 permittes
2367 3222 2582 3275 tamen

454 3338 523 3389 te
560 3345 699 3389 non
742 3321 893 3390 laedi
918 3369 937 3401 ,
988 3320 1109 3389 sed
1152 3319 1524 3388 admoneri.
1579 3321 1750 3388 Puto
1787 3318 1968 3387 enim
2019 3334 2088 3385 te
2135 3321 2448 3419 graviter
2493 3322 2584 3388 fe-

454 3438 625 3505 cisse
648 3486 667 3519 ,
698 3436 881 3529 quod
920 3438 984 3504 ei
1019 3438 1090 3505 in
1118 3436 1422 3503 notitiam
1449 3434 1756 3530 perferre
1784 3434 2096 3513 voluisti,
2137 3433 2329 3524 quod
2365 3438 2498 3503 ritu
2523 3451 2584 3501 et

452 3550 827 3644 disciplinae
844 3552 993 3644 ejus
1010 3554 1099 3619 sit
1110 3553 1549 3620 eontrarium.
1577 3551 1808 3643 Quum
1831 3565 1898 3619 et
1923 3548 2040 3616 ille
2069 3550 2253 3620 enim
2281 3552 2582 3643 gentium

453 3666 615 3737 deos
652 3665 869 3747 colat,
904 3666 1073 3757 quid
1108 3666 1232 3734 tibi
1270 3667 1488 3735 visum
1517 3668 1602 3734 sit
1624 3716 1643 3750 ,
1689 3682 1766 3734 ut
1804 3664 1938 3733 hoc
1975 3688 2130 3733 eum
2159 3666 2342 3732 scire
2383 3666 2584 3733 venes

452 3807 590 3853 non
618 3783 842 3864 vide0,
884 3784 1016 3851 nisi
1042 3785 1248 3853 nimio
1281 3808 1508 3852 amore
1535 3807 1686 3851 meo
1725 3782 1946 3850 facere
1981 3798 2048 3848 te
2082 3780 2213 3849 hoe
2247 3782 2576 3851 existimo.

446 3904 640 3996 Rogo
670 3918 737 3969 te
763 3900 849 3974 de
876 3900 1141 3985 future,
1178 3924 1265 3969 ne
1309 3899 1384 3967 id
1427 3924 1612 3995 agas.
1667 3899 2058 3969 Cavendum
2109 3914 2211 3966 est
2265 3900 2458 3967 enim
2503 3922 2580 3965 ne

440 4018 601 4089 dum
644 4044 747 4088 me
789 4019 1057 4111 diligis,
1098 4018 1418 4085 offensam
1461 4019 1716 4085 domini
1765 4018 1992 4085 facias.
2045 4016 2262 4107 Cujus
2302 4018 2576 4109 quidem
