2667 4475
728 328 1249 413 EPISTOLA
1296 328 1681 395 cxxm.
2145 332 2272 397 355

124 464 362 546 ditm-3
404 462 476 527 in
508 480 745 553 aspera
783 472 853 524 et
890 456 1101 525 dura¹
1144 454 1573 525 subeundum
1603 464 1716 523 'est
1761 480 1778 523 ε
1821 456 1937 524 hie
1972 458 2280 551 impella-

126 605 285 651 mus
312 600 600 671 corpora
624 626 643 659 ,
682 574 825 645 illie
861 574 1323 643 refraenemus.

232 698 383 763 Hoc
411 674 735 762 nuneme
761 690 1097 759 existimas
1124 688 1356 757 dicere
1377 738 1398 771 ‚
1433 712 1550 757 eos
1579 704 1834 757 tantum
1864 693 2280 783 perniciosos

125 836 283 881 esse
314 810 599 879 auribus
630 809 877 877 nostris
900 858 921 893 ,
966 809 1085 898 qui
1126 807 1536 899 voluptatem
1579 806 1896 895 landant3
1935 809 2052 899 qui
2093 805 2282 876 dolo-

126 952 249 997 res
268 932 323 1011 ²,
350 942 596 1001 .metus
618 976 641 1010 ,
682 948 807 1018 per
838 948 911 992 se
944 922 1407 991 formidabiles
1459 946 1565 991 res
1599 922 1774 1014 [sive
1797 976 1814 1007 ‚
1869 926 1986 1017 qui
2028 922 2282 993 doloris

124 1056 416 1120 metum,
443 1062 569 1131 per
588 1062 659 1107 se
684 1036 1130 1107 formidabilis
1150 1036 1285 1127 rei]
1312 1088 1331 1117 ,
1363 1038 1708 1105 incutiunt
1725 1040 1754 1105 Ρ
1771 1036 1934 1105 Illos
1955 1030 1978 1071 ³
2010 1062 2283 1131 quoque

124 1180 383 1227 nocere
427 1155 623 1223 nobis
664 1155 965 1250 existimo
989 1203 1011 1239 ,
1064 1155 1183 1245 qui
1224 1178 1347 1220 nos
1385 1153 1512 1221 sub
1556 1156 1778 1247 specie
1812 1155 2052 1223 Stoicae
2085 1171 2282 1222 sectae

122 1246 499 1339 hortantur
530 1271 618 1338 ad
642 1273 831 1339 vitia.
866 1274 1013 1339 Hoc
1036 1272 1217 1337 enim
1240 1270 1502 1361 jactant
1535 1296 1552 1335 ε
1594 1298 1625 1333 (ι
1653 1271 1880 1339 Solum
1899 1272 2280 1363 Sapientem

126 1404 205 1457 et
246 1388 517 1457 doctum
539 1382 564 1429 ⁴
614 1400 761 1455 ‘esse
796 1402 1189 1455 amatorem.
1227 1386 1424 1454 Solus
1458 1404 1654 1478 aptus
1681 1388 1768 1453 ad
1803 1386 1980 1455 hanc
2012 1402 2226 1454 artem
2259 1438 2278 1469 ‚
2345 1422 2401 1471 ,5

122 1527 328 1596 aeque
370 1494 850 1571 combibendi⁵
896 1518 963 1569 et
1002 1500 1456 1583 convivandi,
1501 1504 1785 1595 Sapiens
1823 1520 1925 1569 est
1956 1504 2288 1593 peritissi-

126 1644 309 1689 mus.
345 1618 748 1712 Quaeramus
770 1668 789 1701 ,
824 1618 913 1685 ad
939 1642 1139 1711 quam
1168 1642 1386 1709 usque
1414 1633 1672 1685 aetatem
1695 1618 1985 1711 juvenes
2015 1619 2286 1685 amandi

126 1741 299 1808 sint.
340 1763 377 1800 n
407 1774 503 1789 --
542 1738 704 1805 Haec
741 1737 997 1803 Graecae
1034 1733 1512 1801 consuetudini
1540 1729 1565 1771 ⁶
1601 1732 1752 1801 data
1806 1736 1942 1801 sint
1974 1763 1990 1819 ς
2032 1758 2156 1802 nos
2200 1736 2286 1801 ad

126 1854 255 1922 illa
295 1855 521 1947 potius
556 1873 754 1920 aures
808 1848 1181 1942 dirigamus
1226 1876 1243 1916 ι
1290 1878 1325 1915 ι(
1367 1852 1628 1919 Nemo⁷
1675 1867 1776 1921 est
1813 1874 1972 1919 casu
2019 1850 2282 1933 bonus3

124 1970 463 2041 discenda
490 1972 711 2037 virtus
754 1983 880 2035 est.
918 1967 1244 2061 Voluptas
1272 1966 1550 2035 humilis
1597 1990 1708 2037 res
1757 1983 1825 2035 et
1862 1969 2110 2061 pusilla
2137 1985 2280 2051 est,

118 2106 202 2177 ‚et
243 2090 318 2155 in
352 2086 540 2154 nullo
590 2082 907 2151 habenda
946 2084 1168 2177 pretio
1194 2076 1247 2167 ⁰,
1292 2084 1663 2153 communis
1698 2110 1848 2154 cum
1900 2086 2101 2153 mutis
2137 2088 2291 2153 ani-

124 2204 429 2273 malibus
452 2253 471 2287 ,
526 2200 615 2270 ad
648 2224 855 2296 quam
894 2202 1173 2269 minima
1216 2217 1281 2268 et
1328 2202 1898 2294 contemptissima
1937 2201 2278 2272 advolant..

126 2321 375 2390 Gloria
405 2344 652 2389 vanum
690 2336 759 2388 et
800 2317 1148 2386 volubile⁹
1179 2317 1504 2411 quiddam
1545 2335 1676 2400 est,
1717 2341 2020 2410 auraque
2067 2317 2288 2386 mobi-

122 2583 173 2634 εἰ
195 2581 251 2632 in
274 2579 584 2653 voluptatem
606 2577 915 2630 descendens
935 2589 982 2628 te
1005 2578 1169 2650 impu-

126 2657 255 2711 leris
276 2695 290 2722 ,
315 2669 405 2709 etc.
430 2657 622 2709 Moneo
644 2656 739 2706 hoc
755 2693 769 2720 ,
794 2675 858 2706 ne
880 2673 994 2706 cum
1022 2655 1167 2708 Gro—

128 2737 297 2790 novio
324 2736 492 2788 locum
532 2748 675 2807 putes
712 2748 1001 2806 corruptum
1020 2773 1037 2801 ,
1078 2733 1166 2804 qui

128 2829 207 2869 est
231 2833 401 2866 sanus.
424 2813 602 2865 Ruhk.

208 2913 251 2944 ι.
280 2891 351 2943 In
376 2911 569 2959 aspera
604 2901 657 2943 et
688 2890 838 2943 dum.
875 2889 962 2942 Sic
996 2909 1088 2941 ms.
1122 2909 1165 2942 c.

122 2969 249 3023 Pal.
274 2987 303 3020 2
321 3009 336 3036 ,
360 2969 391 3020 3
414 2983 463 3021 et
484 2969 629 3021 Pinc.
653 2969 922 3040 Pei-peram
942 2973 997 3020 in
1016 2987 1166 3036 aspe-

124 3071 225 3104 ras
242 3057 295 3102 el
310 3048 492 3114 duras,
517 3069 569 3100 a.
595 3050 664 3102 R.
692 3061 741 3100 et
760 3049 831 3098 A.
852 3049 986 3100 'sum
1008 3051 1062 3100 ἰη
1084 3067 1164 3102 res

120 3147 356 3198 asperas
379 3139 430 3181 el
448 3131 615 3180 duras
636 3127 793 3198 vulgo
816 3127 930 3180 edd.
944 3125 1119 3180 ‘Schw-

204 3229 255 3259 2.
271 3207 385 3278 Qui
402 3210 629 3269 dolores,
657 3216 829 3258 metus
844 3245 859 3266 ‚
880 3224 978 3272 per
994 3223 1048 3256 se
1056 3204 1169 3274 sor-

126 3287 427 3338 midawes
453 3305 548 3338 res.
574 3284 657 3338 sic
694 3305 746 3336 a.
778 3303 820 3338 c.
856 3285 925 3337 R.
948 3286 1018 3336 A.
1038 3297 1085 3335 et
1104 3283 1168 3336 al.

128 3365 313 3418 Altera
332 3365 575 3436 scriptu-e
587 3401 601 3428 ,
624 3381 776 3434 quam
796 3363 941 3416 uncis
958 3361 1141 3416 inclusi
1154 3399 1169 3428 ,

126 3445 347 3518 vulgata
364 3457 473 3496 erat
496 3463 525 3496 a
548 3443 685 3496 Mur.
710 3463 771 3496 ex
793 3443 1023 3495 Pineimi
1042 3461 1175 3496 eon·

124 3527 251 3594 ieet.
284 3519 445 3575 δάιον.
459 3547 525 3560 --
546 3520 656 3592 Qui
688 3523 887 3574 dolores
914 3557 929 3581 ‚
968 3530 1137 3572 metm·
1152 3558 1166 3580 .

119 3620 233 3668 per
268 3618 325 3651 se
338 3598 708 3670 formidabiles
750 3617 833 3652 res
850 3635 865 3662 ,
906 3603 1171 3652 uhcute'unt.

125 3677 419 3746 Epicureos
442 3676 591 3740 dicit,
620 3675 709 3746 qui
734 3675 945 3741 docent,
970 3675 1169 3741 dolores

126 3768 403 3824 metusque
418 3774 505 3826 per
518 3775 571 3808 se
588 3773 693 3808 esse
710 3754 1053 3808 formidabiles
1068 3775 1165 3820 res,

128 3854 266 3908 quas
300 3833 463 3886 Stoici
500 3833 711 3884 externis
751 3832 1168 3886 annumerabant.

128 3911 323 3966 Hublt.

204 3991 257 4042 3.
285 3991 475 4043 Illos...
498 3994 648 4043 vitia.
669 3991 805 4043 Hinc
826 3990 965 4042 vides
983 4029 997 4056 ,
1024 3990 1171 4042 exsti-

130 4072 257 4123 tisse
291 4079 349 4121 ut
384 4069 535 4122 salsos
565 4069 873 4142 Epicureos,
896 4071 964 4122 ita
994 4089 1171 4140 perso-

1262 2589 1408 2630 natos
1438 2577 1636 2630 Stoicos
1659 2595 1672 2631 t
1699 2596 1822 2648 quos
1855 2591 2090 2650 utrosque
2116 2579 2291 2634 Lucia·

1262 2675 1386 2708 num
1403 2669 1502 2706 tam
1521 2657 1696 2709 acerbe
1713 2657 1982 2731 exagitasse
1999 2671 2206 2710 constat.
2217 2661 2290 2712 R.

1329 2733 1377 2798 4.
1403 2733 1702 2804 Sapientem
1725 2747 1776 2788 et
1796 2739 2016 2790 doctum.
2055 2737 2140 2790 Sic
2178 2738 2290 2788 dis-

1264 2812 1422 2877 tinxi,
1456 2824 1503 2863 et
1527 2813 1670 2886 jungi
1707 2812 1798 2864 illa
1833 2812 1935 2865 duo
1957 2811 2114 2865 velim
2134 2830 2146 2864 ε
2169 2833 2289 2864 nam

1262 2889 1442 2943 doctus
1477 2891 1634 2943 stoica
1669 2891 1848 2962 lingua
1883 2903 1956 2944 est
1979 2892 2203 2964 sapiens,
2233 2907 2288 2944 ut

1262 2972 1446 3023 monui
1469 2970 1767 3024 Manuduct.
1786 2971 1860 3033 ΙΙ,
1885 2970 2094 3022 Dissert.
2121 2972 2161 3024 Ι.
2181 2973 2290 3024 Ne-

1261 3068 1361 3118 que
1412 3048 1552 3100 enim
1603 3048 1755 3101 audio
1775 3088 1791 3111 ,
1841 3048 1930 3117 qui
1971 3051 2175 3101 doctum
2225 3051 2290 3101 ad

1260 3139 1553 3181 amatorem
1577 3127 1832 3191 referunt,
1872 3140 1921 3180 et
1955 3125 2287 3201 conjungunt.

1264 3204 1339 3257 Lc‘
1374 3224 1417 3256 s.

1331 3226 1380 3336 ς.
1415 3279 1600 3349 AEque
1627 3319 1641 3346 ,
1683 3294 1774 3334 etc.
1815 3279 2104 3353 Schweigb.
2145 3297 2288 3350 oeque

1271 3359 1476 3430 [atque]
1497 3359 1820 3412 combibendi
1837 3397 1852 3423 ‚
1877 3358 2098 3411 mediam
2125 3361 2289 3432 parti-

1270 3439 1440 3492 culam
1459 3460 1516 3492 ex
1526 3439 1838 3511 conjectam
1847 3439 2110 3512 adjiciens.
2122 3439 2288 3493 Ruhk.

1269 3521 1414 3572 eolus
1433 3529 1558 3584 apte
1579 3521 1658 3571 ad
1677 3519 1728 3571 h.
1749 3539 1804 3570 a.
1833 3538 1980 3587 oeque
2002 3520 2164 3572 emb.

1332 3597 1381 3650 6.
1405 3595 1541 3652 Hoec
1563 3616 1747 3666 μασιν
1779 3599 2149 3650 consuetudini.
2183 3599 2290 3648 Ju-

1270 3697 1422 3732 venes
1449 3677 1670 3730 amandi.
1699 3679 1800 3728 Res
1828 3690 1964 3730 nota.
1985 3675 2167 3728 Rumc.

1261 3807 1269 3816 ,
1335 3757 1570 3824 7.-Νεηιο
1589 3765 1680 3808 est.
1706 3755 1786 3808 Cf.
1811 3756 1890 3808 ad.
1909 3756 2066 3827 Epist.
2085 3769 2184 3808 cxx
2201 3793 2218 3818 ,
2241 3755 2288 3805 3.

1332 3835 1378 3884 8.
1405 3835 1478 3889 In
1502 3837 1647 3888 nullo
1677 3833 1916 3886 habenda
1944 3836 2121 3900 pretio.
2159 3833 2291 3884 Per-

1265 3931 1436 3983 peram
1453 3951 1466 3977 ,
1486 3925 1534 3964 et
1549 3911 1722 3966 invitis
1741 3924 1858 3962 vett.
1879 3910 2020 3962 libris
2038 3909 2291 3972 omnibus,

1268 3994 1321 4041 in
1343 3993 1512 4042 medio
1529 3990 1647 4041 hab.
1659 3997 1790 4057 pret.
1808 3989 1884 4040 ed.
1908 3987 2038 4058 Lips.
2059 3999 2224 4056 etsqq.
2238 3985 2295 4046 S,

1336 4087 1384 4136 9.
1418 4067 1674 4128 Volubile,
1701 4085 1742 4116 c.
1769 4067 1838 4117 A.
1867 4065 1973 4118 Pat.
1999 4085 2026 4116 α
2047 4106 2060 4130 ,
2084 4065 2129 4118 3.
2153 4067 2296 4117 Pinc.
2347 4085 2352 4092 ·
