2667 4475
830 294 1412 364 EPISTOLAE.
2059 297 2192 390 425

80 425 215 514 pis,
246 425 445 494 etiam
472 427 801 512 omnium,
830 426 961 494 nisi
983 427 1143 518 quia
1168 447 1329 494 vere
1357 424 1550 514 dicis.
1577 425 1758 518 Opto
1785 439 1852 494 te
1879 421 1996 498 diu
2015 424 2191 496 bene

83 539 321 610 valere.

580 701 719 762 ΙΙΙ.
767 721 1029 763 sennes
1070 723 1291 763 nuno
1333 723 1671 766 saturnu.

168 870 497 962 Quaedam
530 873 875 943 volumina
902 873 1210 943 ordinavi
1230 924 1250 958 ,
1295 889 1365 942 et
1406 873 1848 944 divisionibus
1877 876 2016 945 suis
2048 891 2192 944 sta-

79 1001 213 1054 tum
251 988 351 1059 eis
382 987 589 1075 dedi3
630 1014 711 1059 ea
746 1013 1018 1083 quoque
1050 989 1280 1082 legere
1308 991 1558 1060 Caesari
1599 1013 1746 1059 sum
1780 990 2150 1062 destinatus
2167 1043 2188 1077 ,

80 1117 144 1168 et
178 1104 233 1170 si
268 1105 471 1188 modo
515 1130 657 1174 sors
700 1129 1023 1200 prospere
1062 1107 1410 1189 annuerit,
1449 1121 1526 1173 ut
1561 1128 1765 1174 novas
1801 1131 1998 1174 aures
2029 1108 2197 1176 affe-

76 1233 214 1304 rat,
270 1222 406 1290 eris
444 1224 725 1292 forsitan
759 1239 827 1292 et
878 1238 953 1292 tu
988 1245 1305 1316 praesens.
1351 1222 1472 1291 Sin
1505 1222 1672 1290 alias
1692 1272 1714 1306 ,
1753 1221 2031 1290 reddam
2068 1224 2195 1292 tibi

76 1329 283 1414 diem,
343 1351 423 1402 ut
457 1337 749 1406 invicem
783 1336 915 1404 hoc
959 1359 1131 1429 opus
1160 1337 1596 1428 inspiciamus
1618 1384 1638 1418 ,
1677 1351 1746 1403 et
1775 1336 2026 1428 possim
2059 1360 2200 1404 non

76 1447 137 1519 ei
166 1452 356 1541 prius
394 1452 603 1520 edere
642 1453 822 1522 hanc
858 1454 1256 1545 scripturam
1278 1502 1303 1538 ‚
1349 1454 1480 1521 nisi
1525 1454 1715 1545 prius
1745 1469 1982 1533 *tecum
2027 1476 2196 1520 con-

75 1563 311 1651 feram,
354 1568 411 1636 si
446 1566 647 1636 modo
681 1570 959 1661 impune
1012 1568 1143 1636 hoc
1197 1569 1350 1636 fieri
1388 1571 1757 1660 potuisset,
1793 1569 2102 1660 utscires
2129 1582 2198 1636 et

76 1694 139 1758 te
171 1705 306 1760 non
334 1685 706 1777 praeteriri.
733 1683 925 1766 Vale,
962 1681 1170 1756 Paule
1200 1684 1570 1757 carissime.

554 1869 671 1933 IV.
720 1887 1008 1934 snm-:effi
1050 1890 1321 1930 paunus
1367 1891 1697 1930 saturnu.

159 2029 744 2121 Quotiescumque
783 2029 1041 2098 litteras
1084 2046 1233 2100 tuas
1266 2031 1470 2100 audio
1496 2080 1515 2114 ,
1553 2031 1974 2124 praesentiam
2013 2045 2194 2099 tuam

64 2147 325 2240 cogito,
367 2169 501 2214 nec
524 2145 712 2214 aliud
736 2147 1069 2232 existimo,
1101 2169 1303 2241 quam
1331 2149 1515 2216 omni
1544 2163 1848 2241 tempore
1878 2162 1944 2216 te
1971 2147 2198 2214 nobis-

66 2270 213 2342 cum
242 2286 421 2332 esse.
454 2263 687 2355 Quum
718 2265 1013 2357 primum
1026 2264 1259 2357 itaque
1288 2266 1524 2335 venire
1553 2266 1841 2356 coeperis
1859 2314 1880 2347 ,
1905 2264 2196 2333 invicem

63 2402 185 2461 nos
218 2379 309 2451 de
344 2381 652 2473 proximo
692 2364 1097 2449 videbimus.
1139 2382 1323 2447 Bene
1355 2396 1424 2449 te
1450 2379 1678 2448 valere
1702 2394 1884 2473 opto.

600 2568 674 2627 V.
727 2587 1002 2641 sennes
1046 2587 1274 2641 rinno
1318 2588 1662 2629 saturnu.

152 2730 218 2795 N
218 2728 463 2807 imium
500 2746 617 2798 tuo
648 2730 965 2827 angimur
998 2752 1291 2799 secessu.
1334 2729 1526 2821 Quid
1571 2744 1674 2798 est
1695 2778 1716 2812 ,
1753 2730 1864 2800 vel
1898 2752 2046 2821 quae
2086 2754 2197 2799 res

56 2859 125 2922 te
168 2862 513 2913 remotum
552 2846 807 2915 faciunt
826 2846 859 2913 Ρ
896 2846 969 2913 Si
1013 2843 1394 2939 indignatio
1433 2844 1689 2913 domini
1708 2894 1726 2927 ,
1777 2844 1960 2937 quod
1988 2868 2029 2911 a
2060 2847 2200 2913 ritu

52 2975 123 3026 et
160 2975 355 3028 secta
392 2962 609 3031 veteri
644 2962 1003 3029 recesseris
1020 3010 1041 3043 ,
1076 2976 1145 3028 et
1171 2960 1488 3028 aliorsum
1520 2983 1881 3029 conversus
1906 2960 2032 3045 sis,
2067 2960 2200 3027 erit

48 3076 451 3169 postulandi
482 3079 671 3148 locus
688 3128 707 3161 ,
738 3094 815 3147 ut
840 3079 1099 3153 ratione
1120 3077 1368 3151 factum
1386 3125 1406 3160 ,
1437 3101 1574 3161 non
1601 3078 1872 3146 levitate
1900 3075 2032 3149 hoc
2057 3076 2198 3147 exi-

48 3195 401 3269 stimetur.
438 3196 628 3273 Vale.
832 3178 839 3195 ⁸

311 3384 427 3444 VI.
476 3404 765 3446 enuncia
804 3404 1233 3467 nrpucimo
1276 3404 1551 3445 rannus
1595 3404 1940 3446 sanutus.

146 3543 271 3609 De
300 3541 411 3610 his
451 3565 603 3635 quae
648 3540 816 3610 mihi
858 3542 1219 3635 scripsistis
1239 3591 1261 3626 ‚
1315 3564 1456 3611 non
1501 3540 1664 3610 licet
1708 3540 2094 3611 harundine
2128 3562 2196 3613 et

48 3670 437 3722 atramento
478 3654 745 3746 eloqui,
790 3678 1077 3746 quarum
1116 3655 1327 3727 altera
1383 3676 1492 3723 res
1537 3672 1726 3725 notat
1772 3671 1843 3729 et
1886 3656 2199 3751 designat

48 3768 333 3858 aliquid
353 3818 373 3851 ‚
400 3769 613 3839 altera
632 3770 987 3839 evidenter
1010 3770 1304 3843 ostendit
1326 3798 1346 3855 3
1381 3774 1724 3864 praecipue
1751 3794 1962 3862 quum
1986 3773 2192 3839 sciam

48 3887 253 3951 inter
280 3908 403 3953 vos
441 3910 585 3953 esse
608 3934 629 3971 ‚
669 3885 744 3953 id
774 3902 909 3971 est,
950 3886 1131 3976 apud
1160 3910 1283 3953 nos
1304 3934 1323 3968 ,
1369 3902 1438 3955 et
1467 3888 1540 3953 in
1577 3886 1767 3955 vobis
1795 3888 1912 3977 qui
1945 3910 2050 3954 me
2080 3887 2191 3953 in-
2291 3930 2300 3945 .

48 3996 381 4089 telligant
444 4024 459 4063 ε
514 3999 731 4067 honor
778 3997 1129 4067 habendus
1186 4014 1287 4067 est
1332 3998 1643 4069 omnibus
1671 4050 1692 4083 ‚
1749 4014 1932 4067 tanto
1981 3999 2194 4091 magis
