2667 4475
817 312 1350 383 EPISTOLA
1396 314 1559 381 XC.
2180 319 2255 384 31

138 451 464 541 Cuperem
490 451 507 481 ¹
553 443 918 513 Posidonio
945 441 1242 534 aliquem
1261 441 1687 511 vitriarium²
1710 444 2069 513 ostendere
2091 496 2109 527 ,
2152 448 2269 537 qui

137 567 367 657 spiritu
411 564 666 631 vitrum
712 562 785 627 in
837 558 1110 627 habitus
1143 558 1479 652 plurimos
1522 559 1803 643 format,
1856 564 1975 653 qui
2020 564 2133 631 vix
2164 560 2273 629 di-

141 680 368 773 ligenti
399 703 610 747 manu
637 676 1158 768 effingerentur.
1201 678 1363 743 Haec
1390 676 1664 744 inventa
1691 692 1884 757 sunt,
1916 694 2269 771 postquam

141 798 502 889 sapientem
545 794 860 863 invenire
895 791 1284 861 desivimus.
1301 828 1381 845 -·
1400 816 1433 856 α
1458 794 1887 861 Democritus
1906 788 1962 875 ⁵,
2006 796 2229 886 inquit
2247 844 2265 875 ,

139 912 466 979 invenisse
499 909 754 978 dicitur
789 908 1122 976 fornicem
1145 958 1166 990 ‚
1225 923 1299 975 ut
1348 905 1649 999 lapidum
1690 924 2055 976 curvatura
2092 934 2275 1002 pau-

139 1027 318 1097 latim
350 1028 838 1097 inclinatorum
876 1024 1104 1093 medio
1147 1048 1308 1093 saxo
1350 1024 1770 1117 alligaretur.
1802 1051 1835 1091 n
1864 1064 1959 1081 —·
1984 1030 2131 1095 Hoc
2162 1028 2274 1095 ‹li-

143 1170 280 1215 cam
315 1146 558 1215 falsum
605 1167 782 1211 esse.
836 1145 1128 1210 Necesse
1173 1155 1279 1209 est
1327 1142 1509 1209 enim
1531 1192 1551 1223 ‚
1608 1158 1767 1209 ante
1812 1146 2276 1213 Democritum

142 1277 206 1328 et
227 1276 468 1354 pontes
491 1275 562 1328 et
587 1274 816 1353 portas
841 1258 1050 1327 fuisse
1067 1308 1084 1341 ,
1117 1280 1405 1349 quarum
1432 1258 1577 1325 fere
1598 1282 1855 1326 summa
1883 1275 2275 1329 curvantur.

143 1374 398 1447 Excidit
442 1402 654 1473 porro
693 1369 929 1445 vobia⁴
957 1426 974 1459 ,
1032 1374 1341 1444 eumdem
1386 1378 1848 1445 Democritum
1890 1379 2229 1446 invenisse
2249 1430 2272 1463 ‚

143 1494 699 1584 quemadmodum
729 1494 904 1561 ebur
930 1490 1315 1559 molliretur
1335 1482 1389 1573 ⁵,
1426 1492 1991 1584 quemadmodum
2032 1490 2278 1559 decoc-

147 1599 282 1675 ωε(ὅ
313 1607 617 1677 calculus
639 1608 717 1675 in
743 1603 1174 1698 smaragdum
1201 1620 1738 1689 converteretur,
1775 1628 1911 1698 qua
1935 1604 2281 1697 hodieque

145 1741 412 1795 coctura
461 1724 727 1794 inventi
773 1721 1036 1816 lapides
1073 1724 1145 1789 in
1195 1723 1328 1791 hoc
1375 1723 1613 1791 utiles⁷
1666 1724 2080 1792 colorantur.
2147 1726 2281 1791 Ista

145 1838 402 1930 sapiens
437 1836 600 1906 licet
633 1836 1015 1921 invenerit,
1060 1858 1198 1903 non
1219 1885 1238 1919 ,
1281 1860 1420 1927 qua
1454 1838 1723 1930 sapiens
1756 1853 1906 1906 erat
1917 1887 1939 1922 ,
1973 1838 2233 1905 invenit
2262 1864 2275 1903 :

212 2068 252 2099 ι.
280 2048 588 2117 Cuperem...
621 2048 1000 2120 effingere-ntur.
1037 2046 1162 2100 Haee

147 2126 414 2178 formatura
433 2164 449 2191 ,
489 2144 604 2195 quae
640 2126 894 2197 hodieque
924 2125 1122 2177 obtinet
1145 2164 1160 2190 ‚
1259 2124 1405 2198 phys.
1427 2146 1477 2198 p.
1509 2126 1585 2177 ιδ.
1607 2126 1790 2179 Ruhk.

149 2224 271 2259 nova
295 2205 394 2259 iste
419 2218 644 2278 tempore
669 2203 822 2258 fuisse
849 2202 1060 2257 videtur.
1085 2202 1164 2256 Cf.

148 2284 540 2338 Miscellaneam
565 2283 658 2338 W
650 2283 777 2334 orks
795 2281 1167 2354 quiddleton

149 2361 259 2413 Vol.
285 2361 359 2413 lv
381 2383 435 2434 p.
461 2362 553 2428 43,
577 2361 670 2431 qui
693 2373 810 2412 ante
837 2359 1074 2413 Wessel.
1099 2361 1167 2412 ad

151 2435 509 2505 Diod.3‚16,
548 2437 1160 2511 Gesneri‚}1ambergeri

153 2527 198 2566 et
215 2515 482 2568 Michaelis
512 2515 884 2586 disquisitiones
905 2535 1052 2590 super
1075 2515 1164 2568 vi·-

151 2603 255 2657 tro,
297 2593 572 2666 diligenter
610 2593 718 2646 haec
754 2607 1011 2646 exsecutus
1053 2605 1160 2656 est,

151 2684 198 2722 et
219 2669 350 2725 hunc
372 2671 546 2723 locum
569 2670 800 2724 advertit.
823 2671 1001 2724 Ruhk.

215 2769 258 2800 2.
295 2752 361 2804 V
353 2752 622 2803 itt-iuriam
639 2789 654 2812 ,
703 2769 812 2802 nou
847 2752 1128 2801 vitrarium
1147 2785 1163 2812 ,

156 2827 326 2880 dedere
348 2829 470 2882 libri
493 2827 669 2880 nostri.
689 2827 850 2880 δάιον.

214 2907 621 2959 3-Democr1'tus.
632 2907 714 2956 De
727 2903 1023 2956 Democrito
1037 2922 1168 2954 unus

153 2982 456 3037 Posidonius
477 2984 587 3038 haec
605 2981 824 3055 exposuit
844 2999 856 3033 :
878 3001 990 3052 quae
1009 2999 1169 3051 quum

153 3061 338 3114 Seneca
375 3060 604 3124 refellat,
646 3079 754 3111 non
795 3057 1039 3130 cogitavit
1062 3096 1076 3122 ,
1123 3069 1172 3110 et

121 3168 128 3174 ·
154 3150 324 3210 pontes
349 3151 620 3212 portasque
643 3137 794 3190 fuisse
818 3137 1014 3208 ligneos
1042 3135 1172 3187 nul—

155 3216 248 3268 lam
276 3229 597 3271 curvaturam
627 3227 901 3290 poscentes.
926 3213 997 3266 R.

217 3296 264 3360 4.
285 3297 348 3347 V
341 3297 473 3348 obis.
489 3295 589 3348 Sic.
605 3315 696 3346 ms.
713 3315 765 3346 a.
785 3313 898 3346 cum
918 3293 1030 3345 edd.
1050 3293 1172 3344 Νο-

156 3373 235 3425 bis
253 3373 380 3426 dant
402 3376 472 3426 A.
490 3394 530 3427 c.
557 3371 719 3426 Schw.

219 3455 266 3504 5.
313 3453 630 3504 BIoIIe‘retur.
667 3450 752 3502 Sic
791 3449 978 3522 optime
1024 3441 1170 3499 codd.

157 3541 204 3580 et
235 3541 360 3583 vett.
400 3529 514 3581 edd.
537 3529 806 3581 Poh‘retnr
827 3537 900 3578 est
935 3525 1171 3577 Pinciani

158 3609 444 3680 conjectura
470 3627 576 3659 non
609 3601 1177 3658 admittenda.-Ebur

159 3687 294 3739 enim
332 3687 672 3739 molliebatur
707 3682 834 3748 ζύθει
861 3720 875 3746 ,
920 3681 1173 3734 cerevisiae

159 3785 375 3838 genere,
419 3765 462 3816 si
495 3761 624 3816 fides
663 3761 896 3813 habenda
934 3771 1008 3812 est
1041 3759 1175 3812 Plut.

157 3845 266 3897 vol.
291 3847 358 3898 X.
382 3867 428 3918 p.
453 3846 549 3917 89,
575 3863 726 3916 quem
749 3841 1018 3896 Gronovio
1043 3843 1104 3894 ad
1127 3841 1178 3892 h.

163 3922 196 3972 1.
221 3923 394 3976 debeo.
419 3925 576 3978 Plura
602 3923 746 3976 dedit
767 3923 950 3994 Heyne
967 3921 1023 3973 in
1045 3923 1178 3974 Nov.

167 4001 507 4056 commentar.
536 4003 654 4055 Soc.
691 4001 816 4074 Reg.
853 3997 992 4051 Gott.
1010 4000 1103 4050 To.
1137 3999 1176 4050 l.

163 4099 238 4130 ur·
261 4080 359 4146 vl,
381 4082 440 4134 de
463 4093 693 4133 veterum
727 4078 875 4133 ebore
911 4077 1178 4130 eburneis-

1325 2204 1375 2256 6.
1388 2204 1691 2258 Decoctus...
1706 2206 2019 2258 colorantur.
2032 2204 2113 2258 De
2124 2204 2283 2256 fluore

1260 2284 1421 2336 vitreo
1442 2284 1743 2358 intelligam,
1763 2305 1865 2354 quo
1886 2303 2132 2356 gemmas,
2151 2303 2288 2336 mur-

1263 2362 1413 2415 rhiua
1436 2383 1476 2414 s.
1500 2363 1763 2415 murrham
1797 2376 1889 2414 etc.
1923 2362 2108 2414 imitari
2142 2360 2287 2413 sole—

1259 2439 1387 2492 bant
1416 2452 1638 2504 veteres,
1676 2439 1811 2490 calce
1844 2439 2093 2490 metallica
2120 2437 2286 2489 vitreo

1262 2515 1557 2588 crystallino
1582 2515 1847 2587 purissimo
1884 2516 1985 2585 jam
2016 2515 2286 2585 liquefacto

1261 2597 1449 2648 addita.
1468 2595 1557 2646 Sic
1574 2596 1878 2649 colorantur.
1900 2595 2013 2647 Hoc
2034 2594 2287 2666 hodieque

1263 2671 1339 2724 fit.
1361 2673 1445 2725 Jo.
1468 2671 1767 2724 Beckmanu
1789 2685 1958 2725 tamen
1985 2673 2039 2724 in
2058 2670 2289 2742 Beytra-

1257 2770 1360 2820 gen
1384 2771 1483 2802 zur
1510 2749 1693 2803 Gesch.
1720 2752 1812 2803 der
1831 2751 1949 2822 Erf-
1974 2751 2014 2802 Ι.
2036 2772 2086 2822 p.
2106 2749 2206 2819 375
2224 2751 2287 2804 de

1265 2829 1666 2894 tamentatione,
1684 2848 1781 2898 qua
1797 2828 2031 2902 crystallo
2044 2840 2288 2880 montano

1265 2907 1407 2960 color
1443 2906 1621 2958 viridis
1655 2905 1854 2963 additus
1880 2908 1974 2972 sit,
2006 2907 2289 2982 intelligere

1265 2985 1475 3038 mavult.
1487 2985 1675 3038 Ruhk.
1684 3016 1749 3026 —
1759 2986 1843 3038 Sic
1852 2987 2134 3058 Lagrange
2150 2983 2289 3038 hunc

1264 3064 1437 3118 locum
1471 3064 1680 3136 explicat
1717 3065 1772 3117 in
1805 3064 1941 3116 uotis
1982 3083 1995 3118 :
2033 3063 2119 3116 On
2154 3068 2287 3128 sult,

1268 3145 1406 3195 dans
1439 3145 1498 3195 Ia
1530 3145 1873 3210 pre'parale‘on
1915 3145 2009 3195 des
2047 3141 2248 3194 e'maux
2268 3182 2285 3204 ,

1268 3241 1340 3274 un
1363 3221 1589 3290 proce'de'
1606 3222 1699 3290 qui
1723 3241 1853 3272 nous
1883 3221 2051 3272 donne
2072 3222 2291 3286 [ἐπ-ρὰ·-

1267 3300 1439 3350 cation
1458 3299 1521 3348 de
1534 3316 1587 3349 ce
1598 3317 1831 3366 passage
1850 3299 1914 3348 de
1932 3297 2180 3364 Se'anue.
2206 3293 2291 3348 On

1262 3379 1503 3444 paroe'ent
1514 3382 1549 3428 ὰ
1565 3379 1957 3446 communiquer
1967 3380 2003 3425 ὰ
2018 3393 2115 3426 une
2125 3377 2293 3430 mdme

1231 3499 1238 3506 .
1266 3455 1601 3520 composition
1622 3455 1841 3506 d’e'mail
1858 3472 1956 3504 une
1971 3462 2104 3504 certa
2111 3457 2191 3504 ine
2206 3453 2293 3504 (Ιέ-

1261 3533 1548 3600 gradation
1580 3533 1645 3583 de
1676 3551 1918 3594 nuances,
1946 3551 2009 3583 en
2032 3543 2296 3600 exposcunt

1270 3614 1306 3659 ὰ
1330 3629 1402 3660 un
1426 3610 1579 3660 recue’t
1594 3611 1719 3678 plus
1756 3629 1825 3660 ou
1854 3611 2024 3660 moins
2062 3611 2186 3677 long
2221 3611 2295 3661 les

1268 3683 1495 3756 pldques
1516 3687 1605 3738 des
1620 3687 1839 3739 e'maux.
1860 3687 2002 3740 C'est
2017 3691 2065 3740 le
2081 3688 2304 3755 proce'de'

1276 3768 1435 3834 qu’on
1458 3767 1567 3816 suit
1588 3767 1727 3816 dans
1759 3769 1780 3817 1
1787 3767 1983 3819 ’ateller
2000 3771 2067 3818 οὺ
2090 3788 2146 3819 se
2162 3775 2291 3835 pre'-

1270 3854 1462 3911 parent
1491 3846 1567 3896 Ies
1604 3845 1825 3909 e'maux,
1858 3864 1997 3913 pour
2027 3849 2191 3898 servir
2222 3865 2293 3894 au

1277 3925 1476 3974 travail
1498 3923 1563 3974 de
1583 3924 1640 3973 la
1660 3925 1931 3990 mosanue
1952 3925 2013 3974 de
2034 3923 2220 3974 Rome.

1347 4019 1389 4066 7.
1417 4001 1489 4051 In
1519 3999 1613 4052 hoc
1644 4002 1812 4053 utiles.
1846 3999 1981 4051 Mire
2012 3999 2095 4051 hic
2120 4001 2296 4069 utique

1281 4075 1361 4128 ed.
1386 4076 1460 4128 R.
1499 4079 1715 4131 coctiles
1749 4077 1931 4148 vulgo,
1970 4097 2028 4129 ex
2060 4079 2137 4130 ed.
2162 4079 2291 4132 Ven.

2322 696 2385 749 32

2332 1385 2394 1437 33

1260 2065 1358 2117 que
1394 2046 1569 2119 siguis.
1603 2047 1681 2099 Cf.
1714 2047 1996 2101 Schneider
2016 2047 2082 2101 ad
2107 2048 2283 2121 Eclog.
