2667 4475
470 374 966 444 PHYSIOL.
1020 374 1529 446 STOICOR.
1581 375 1776 444 LIB.
1828 376 1982 443 ΙΙΙ.
2166 376 2302 471 675

33 551 35 582 :
135 542 278 581 nem
297 568 312 591 ,
359 521 480 578 sive
513 540 646 579 cum
676 518 936 580 Varrone
963 520 1349 597 cogitationem
1367 568 1380 591 ,
1424 518 1745 601 Principale
1772 519 1885 579 dici
1920 544 1937 579 t
1971 541 2088 580 non
2118 533 2307 582 autem

137 629 342 707 ipsum
363 628 514 707 λόγον
539 668 556 699 ,
589 626 710 685 sive
737 626 1040 687 Rationem
1060 670 1076 699 ‚
1107 627 1244 707 quia
1269 626 1367 685 illa
1396 648 1526 708 pars
1558 639 1616 687 et
1648 624 1953 686 Rationale
1972 626 2228 687 eontinet
2255 640 2311 687 et

139 732 514 793 Ιπαΐίοηαὶι.
550 733 832 793 Ascensus
855 734 1010 791 enim
1049 732 1110 791 in
1147 753 1216 790 ea
1236 746 1294 791 et
1311 731 1560 811 judicia,
1589 732 1692 793 sed
1712 754 1829 792 non
1854 754 2082 815 semper
2112 746 2307 807 recta3

143 840 506 921 depravante
552 841 824 921 opinione
854 852 912 899 et
949 860 1185 920 corpore
1207 884 1224 913 ,
1273 860 1472 898 verum
1511 840 1656 911 illud
1694 852 2027 921 rectumque
2047 884 2063 913 ,
2096 838 2252 921 quod
2282 862 2316 899 a

143 948 296 1007 caelo
322 947 515 1008 hahet.
551 946 657 1006 Est
686 948 860 1029 igitur
889 950 1096 1029 λογικὴ,
1130 948 1250 1005 sive
1277 946 1605 1007 Rationalis
1622 994 1635 1017 ,
1671 969 1850 1027 quum
1884 958 2039 1006 recta
2070 946 2315 1007 Ratione

151 1056 342 1115 utitur
363 1077 378 1126 ;
403 1065 488 1114 est
515 1058 700 1135 ἄλογος
717 1097 734 1127 ,
767 1056 888 1114 sive
917 1051 1310 1123 Irrotionalzs,
1344 1074 1521 1136 quum
1550 1050 1783 1113 Errore.
1816 1054 1898 1113 Ut
1924 1054 2103 1113 verbo
2127 1053 2321 1113 absol-

157 1184 294 1221 vam
313 1206 330 1236 ,
363 1182 480 1221 non
525 1161 684 1220 alind
723 1161 822 1223 ille
851 1161 1169 1223 Stoicorum
1208 1163 1451 1242 λογισμός
1471 1204 1487 1233 ,
1526 1182 1701 1241 quam
1738 1159 1980 1219 aliorum
2012 1172 2127 1230 νοῦς
2147 1204 2164 1233 ,
2198 1161 2319 1219 sive

154 1268 349 1338 Mens,
384 1268 504 1328 sive
523 1264 767 1327 Am'mus
789 1290 920 1327 cum
940 1268 1222 1328 Varrone.
1248 1267 1367 1327 Ubi
1388 1266 1471 1325 illi
1493 1265 1692 1325 sedes?
1716 1288 1851 1326 nam
1872 1266 2121 1347 reliquas
2144 1268 2317 1325 etiam

157 1386 354 1457 partes
384 1375 444 1432 in
474 1395 710 1454 corpore
734 1373 851 1431 vim
888 1372 1025 1431 alibi
1063 1385 1236 1455 atq-ue
1276 1373 1411 1432 alibi
1444 1393 1681 1432 exerere
1699 1416 1715 1445 ‚
1764 1384 1821 1431 et
1860 1372 1940 1430 ibi
1969 1372 2128 1430 velut
2153 1373 2320 1430 inco-

159 1482 286 1540 lere
315 1481 524 1539 scimus
555 1502 570 1537 ε
603 1478 704 1537 uhi
743 1479 915 1561 igitur
951 1480 1222 1560 primaria
1243 1522 1262 1552 ,
1305 1480 1543 1559 inquam
1564 1522 1580 1553 ,
1622 1476 1829 1537 sedes?
1861 1476 2174 1558 Disputant
2208 1500 2225 1535 t
2268 1490 2326 1536 et

161 1587 341 1648 Stoici
371 1587 551 1675 nostri
579 1586 641 1647 in
675 1583 854 1645 Corde
879 1588 1260 1667 assignarunt.
1292 1584 1549 1647 Laertius
1582 1608 1599 1643 ε
1638 1610 1665 1638 κ
1698 1584 2020 1665 Principale
2046 1574 2169 1643 esse
2190 1584 2325 1663 pri-

163 1695 406 1755 mariam
437 1694 659 1754 Anima!
695 1704 916 1773 partem
939 1735 956 1765 ,
989 1692 1050 1751 in
1083 1713 1197 1773 qua
1227 1692 1661 1774 imaginationes
1706 1703 1763 1750 et
1808 1692 2095 1772 appetitus
2137 1692 2285 1751 fiunt
2302 1734 2321 1765 ,

163 1812 227 1860 et
271 1799 427 1861 unde
467 1821 655 1860 sermo
691 1796 808 1880 (an
852 1798 1020 1858 Ratio
1035 1794 1099 1878 2.)
1139 1818 1366 1857 sursum
1406 1798 1669 1857 mittitur.
1713 1796 1783 1857 Id
1816 1808 2007 1857 antem
2040 1798 2101 1855 in
2136 1796 2323 1856 Corde
2452 1820 2455 1827 ·

165 1928 318 1966 esse.
349 1932 376 1959 ιι
431 1906 596 1967 Idem
639 1904 1024 1964 Tertullianus
1065 1900 1234 1984 (cap.
1291 1900 1445 1985 15),
1493 1904 1593 1984 qui
1642 1930 1671 1957 ιι
1696 1924 1985 1963 summum
2020 1904 2083 1963 in
2118 1904 2327 1963 Anima

163 2012 412 2096 gradum
439 2011 738 2095 (agnoscis
760 2010 1034 2071 Varronis
1059 2008 1333 2093 verbum)
1354 2009 1603 2069 Vitalem
1626 2021 1683 2071 et
1706 2010 2099 2091 sapientialem
2122 2054 2139 2084 ,
2172 2009 2328 2091 quod

161 2122 470 2201 ἡγεμονικὸν
513 2118 802 2199 appellant
820 2162 838 2191 ,
888 2128 1043 2177 certo
1075 2118 1135 2176 in
1172 2117 1426 2197 corporis
1454 2137 1683 2175 recessu
1723 2130 2117 2177 consecratum
2140 2142 2167 2168 n
2206 2118 2325 2188 ait,

163 2248 420 2307 eumque
438 2226 500 2285 in
527 2222 724 2293 Corde,
755 2222 1026 2306 quoniam
1041 2233 1102 2282 et
1124 2249 1151 2276 ιι
1181 2222 1559 2302 inspectorem
1573 2220 1772 2280 Cordis
1784 2221 1975 2280 Deum
1988 2220 2253 2303 legimu8‚
2274 2232 2333 2280 et

161 2332 361 2393 Corde
383 2330 540 2390 credi
561 2328 635 2389 ad
651 2329 926 2408 justitiam
943 2371 960 2400 ‚
990 2341 1048 2387 et
1072 2327 1256 2386 Corde
1277 2347 1381 2384 suo
1400 2347 1870 2408 unumquemque
1887 2325 2232 2408 reprehendi
2255 2351 2271 2385 ε
2299 2353 2326 2380 ι»

163 2438 426 2517 denique
452 2434 563 2494 hoc
592 2435 782 2515 ipsum
817 2461 844 2488 ιι
872 2433 1260 2514 Chrysippum
1293 2434 1465 2492 etiam
1498 2453 1701 2514 sapere
1734 2459 1762 2485 ι»
1798 2433 2062 2494 affirmat.
2108 2433 2227 2494 Nec
2261 2433 2335 2493 de

41 2561 54 2572 ⁶
163 2545 500 2625 Chrysippo
527 2551 749 2600 tantum
778 2540 1110 2606 Plutarchus
1137 2562 1153 2598 ε
1181 2539 1284 2599 sed
1304 2582 1321 2612 ,
1354 2540 1541 2620 inquit
1567 2537 1695 2622 (·IV
1726 2540 1799 2600 de
1829 2541 2012 2615 Plac.,
2042 2563 2169 2621 cap.
2208 2538 2288 2622 4)
2313 2565 2330 2598 =

175 2679 208 2706 ιι
231 2650 446 2708 Omnes
475 2647 650 2707 Stoici
683 2647 744 2705 in
773 2657 891 2705 toto
922 2644 1142 2718 Corde,
1182 2659 1282 2705 aut
1311 2646 1371 2704 in
1404 2645 1623 2727 Spiritu
1654 2667 1723 2707 eo
1753 2650 1854 2728 qui
1883 2650 2033 2707 circa
2067 2647 2180 2707 Cor
2211 2659 2330 2721 est,

171 2757 500 2838 Principale
527 2767 769 2836 ponunt.
795 2779 823 2806 »³
857 2751 1010 2835 Ergo
1035 2753 1202 2812 valde
1231 2755 1441 2813 mirum
1460 2797 1477 2828 ,
1504 2753 1771 2814 eumdem
1795 2755 1995 2816 eodem
2022 2757 2171 2816 libro
2198 2778 2338 2816 mox

171 2865 428 2925 scrihere
455 2861 622 2945 (cap.
658 2881 726 2920 21
751 2859 808 2941 ),
839 2860 940 2919 uhi
969 2857 1044 2918 de
1067 2858 1268 2919 Stoicis
1297 2883 1313 2918 ε
1350 2886 1377 2913 «
1399 2859 1599 2942 Ipsum
1629 2861 1951 2943 Principale
1968 2907 1985 2938 ‚
2022 2864 2171 2922 sicut
2196 2865 2253 2924 et
2276 2866 2336 2924 in

172 2969 400 3031 Mundo
420 3013 437 3044 ‚
473 2968 692 3028 habitat
735 2968 796 3026 in
836 2978 1030 3026 nostro
1067 2963 1314 3025 rotundo
1356 2965 1576 3047 Capite.
1612 2993 1639 3021 υ
1686 2967 1945 3028 Profecto
1978 2989 2095 3028 non
2128 2981 2215 3028 est
2242 2968 2337 3028 hic

173 3077 400 3138 Stoicus
420 3120 437 3150 ,
469 3076 571 3136 sed
603 3076 927 3134 Platonicus
955 3093 1156 3133 sensus
1185 3084 1244 3132 et
1266 3095 1373 3155 pro
1400 3074 1499 3133 illo
1526 3075 1842 3156 capiendus
1869 3089 1956 3135 est
1978 3077 2157 3157 loqui.
2191 3077 2338 3136 Nam

175 3186 388 3244 iterum
409 3183 547 3242 alibi
569 3181 670 3264 (de
700 3183 862 3242 Com.
892 3179 1057 3264 Not.)
1077 3223 1094 3253 ‚
1126 3180 1228 3239 ubi
1259 3179 1477 3240 Stoicos
1508 3183 1720 3264 carpit,
1746 3184 1985 3243 miratur
2012 3185 2138 3243 illos
2172 3211 2200 3237 α
2229 3185 2342 3244 As-

179 3293 474 3352 sensiones
497 3335 513 3366 ,
545 3304 604 3350 et
629 3289 920 3364 Visiones,
953 3301 1010 3348 et
1039 3288 1204 3347 Artes
1225 3329 1242 3360 ,
1265 3299 1324 3346 et
1340 3287 1649 3349 Memorias
1672 3290 1735 3348 in
1758 3289 1959 3350 Cordis
1989 3303 2201 3371 puncto
2232 3313 2344 3372 po·-

179 3419 320 3458 nere
343 3421 358 3469 ;
389 3398 491 3456 ubi
523 3409 580 3456 et
605 3399 926 3478 principem
963 3395 1181 3453 Animae
1207 3405 1451 3475 partem.
1492 3421 1520 3449 ιι
1555 3395 1723 3455 Clara
1754 3409 1888 3455 sunt
1916 3409 1977 3456 et
2006 3416 2169 3456 mens
2200 3399 2341 3457 illo-

179 3527 312 3566 rum
337 3547 354 3578 ‚
403 3502 618 3562 fontem
651 3503 778 3561 vine
823 3515 884 3562 et
931 3501 1318 3582 intelligentiae
1362 3501 1421 3560 in
1458 3501 1644 3562 Corde
1687 3521 1813 3561 esse
1835 3542 1853 3576 ,
1900 3502 2029 3561 loco
2066 3503 2258 3563 medio
2288 3517 2346 3563 et

182 3609 520 3694 dignissimo
546 3631 562 3666 ε
591 3627 764 3688 quem
806 3609 934 3688 ipsa
971 3607 1187 3666 Natura
1217 3607 1483 3680 thorace,
1524 3607 1855 3689 praecordiis
1872 3654 1888 3685 ,
1919 3611 2181 3690 ’undique
2208 3633 2347 3670 mu·-
2443 3599 2449 3606 ’

184 3720 338 3779 nivit
373 3741 390 3776 ε
421 3735 538 3798 quo
581 3715 713 3773 laeso
751 3711 908 3794 (non
949 3714 1028 3770 ita
1057 3714 1120 3772 in
1149 3714 1276 3774 aliis
1305 3712 1608 3797 partibus)
1647 3715 1941 3778 hominem
1971 3719 2125 3780 illico
2153 3719 2343 3798 perire

187 3845 492 3887 necessum
524 3835 582 3882 et
618 3819 930 3901 exstingui.
980 3819 1070 3877 Ab
1099 3841 1169 3878 eo
1215 3822 1425 3903 igitur,
1465 3835 1531 3882 ut
1563 3843 1597 3882 e
1649 3827 1879 3885 castello
1916 3845 2190 3906 aquarum
2236 3827 2345 3885 rivi

191 3933 482 3994 ducuntur
501 3973 517 4004 ,
553 3929 802 4010 reliquas
832 3926 1050 3984 Animae
1077 3924 1374 3986 facultates
1406 3929 1637 3990 effluere
1656 3975 1671 4004 ,
1708 3942 1766 3990 et
1794 3932 1909 3990 suis
1930 3951 2185 4013 quasque
2206 3933 2345 3992 locis

193 4061 258 4100 se
299 4038 545 4120 prodere
585 4049 645 4097 et
675 4036 876 4095 usibus
917 4033 1155 4093 servire.
1203 4033 1377 4094 Ridet
1403 4033 1657 4096 Galenus
1688 4036 1996 4120 Chrysippi
2036 4040 2097 4097 in
2138 4039 2245 4098 hac
2284 4063 2349 4101 re

197 4157 598 4228 argumentum
617 4187 634 4216 ‚
667 4141 823 4223 quod
859 4141 1070 4200 Natura
1113 4141 1240 4222 ipsa
1267 4141 1469 4202 doceat
1488 4187 1505 4216 ,
1538 4157 1595 4204 et
1626 4145 1833 4204 clamet
1862 4146 2052 4206 Animi
2088 4148 2202 4206 vim
2236 4149 2350 4207 illic
