2667 4475
786 323 1331 395 EPISTOLA
1378 322 1619 391 CXV.
2148 354 2277 420 277

137 457 412 543 Aderit,
459 452 847 546 levabitque
870 504 890 538 ,
929 454 986 521 si
1034 452 1262 521 colere
1301 476 1450 519 eam
1484 452 1923 523 voluerimus.
1972 460 1991 491 ¹
2014 455 2280 524 Colitur
2329 468 2363 521 6

138 591 361 645 autem
379 622 400 651 ‚
435 596 575 640 non
611 586 960 640 taurorum
1007 569 1253 662 opimis
1297 569 1699 661 corporibus
1746 570 2233 641 contrucidatis
2254 622 2277 659 ,

141 716 268 761 nec
303 714 474 759 auro
503 703 930 782 argentoque
969 708 1292 778 suspenso
1315 690 1344 719 ²
1364 735 1383 768 ‚
1418 710 1548 755 nec
1576 689 1649 755 in
1682 688 2035 758 thesauros
2070 684 2285 783 ⁵stipe

145 809 400 892 infusa3
442 802 564 874 sed
595 806 712 898 pia
737 819 810 872 et
839 818 1025 871 recta
1055 800 1431 870 voluntate.

235 928 489 1009 Nemo,
531 924 850 1013 inquam,
890 942 1031 987 non
1063 942 1292 987 amore
1327 920 1478 1012 ejus
1512 921 1825 1008 arderet,
1876 924 1934 992 si
1970 924 2168 991 nobis
2197 924 2287 991 il-

147 1040 276 1108 lam
302 1036 544 1108 videre
571 1038 1002 1130 contingeret
1027 1060 1048 1103 τ
1071 1056 1258 1103 nunc
1285 1036 1470 1103 enim
1496 1036 1706 1104 multa
1743 1033 1770 1081 ⁴
1792 1038 2248 1132 obstrigillaut
2262 1091 2285 1126 ,

147 1167 214 1221 et
253 1154 472 1221 aciem
507 1166 802 1218 nostram
833 1164 953 1217 aut
977 1147 1345 1241 splendore
1384 1149 1597 1215 nimio
1630 1154 2137 1243 repercutiunt,
2177 1168 2295 1221 aut

149 1268 554 1337 obscuritate
577 1260 602 1302 ⁵
632 1266 956 1333 retinent.
989 1262 1129 1334 Sed
1153 1264 1252 1347 si,
1286 1264 1897 1357 quemadmodum⁶
1916 1271 2101 1339 visus
2130 1295 2297 1340 ocu·
2348 1302 2373 1350 ‘7

151 1382 368 1451 lorum
407 1376 810 1473 quibusdam
851 1375 1363 1447 medicamentis
1396 1378 1550 1445 acui
1584 1379 1757 1447 solet
1792 1396 1859 1449 et
1894 1382 2290 1474 repurgari,

150 1500 246 1565 sic
293 1522 422 1566 nos
461 1498 678 1565 aciem
724 1496 932 1565 animi
967 1495 1266 1562 liberare
1297 1493 1802 1587 impedimentis
1836 1496 2251 1566 voluerimus
2269 1547 2291 1581 ‚

148 1616 519 1705 poterimus
546 1613 936 1707 perspicere
966 1612 1304 1679 Virtutem
1325 1662 1347 1695 ,
1389 1612 1593 1679 etiam
1628 1612 1939 1681 obrutam
1966 1634 2252 1705 corpore
2270 1662 2292 1696 ‚

151 1728 352 1797 etiam
392 1743 794 1822 paupertate
826 1726 1172 1820 opposita,
1221 1726 1427 1793 etiam
1462 1726 1845 1794 humilitate
1867 1730 1889 1773 ⁷
1922 1742 1992 1793 et
2024 1726 2301 1793 infamia

155 1842 666 1935 objacentibus3
699 1866 1084 1928 cernemus,
1118 1842 1395 1934 inquam
1414 1892 1437 1928 ‚
1465 1840 2049 1935 pulchritudinem
2072 1840 2296 1926 illam,

153 1960 462 2052 quamvis
511 1959 786 2029 sordido
839 1960 1200 2027 obtectam.
1253 1960 1517 2026 Rursus
1564 1982 1757 2051 aeque
1806 1958 2131 2027 malitiam
2154 1952 2181 1994 ⁸
2234 1972 2305 2025 et

153 2075 512 2143 aerumnosi
533 2079 560 2123 ⁹
598 2076 810 2143 animi
849 2089 1206 2143 veternum
1230 2075 1722 2166 perspiciemus
1744 2124 1762 2158 ,
1798 2074 2107 2167 quamvis
2130 2073 2305 2140 mul·

153 2206 260 2258 tus
283 2192 472 2261 circa
495 2188 884 2260 divitiarum
909 2188 1321 2260 radiantium
1352 2190 1675 2282 splendor
1699 2189 2027 2284 impediat
2042 2239 2064 2274 ,
2094 2201 2164 2256 et
2193 2188 2300 2254 in-

157 2321 460 2377 tuentem
490 2305 658 2374 hinc
686 2307 1027 2374 honorum
1051 2310 1139 2391 ¹⁰,
1178 2303 1379 2373 illinc
1413 2329 1809 2396 magnarum
1846 2295 2251 2399 potestatum
2276 2354 2298 2388 ,

157 2526 383 2580 seeundo
401 2537 502 2578 tres
517 2525 681 2579 Palat.
700 2522 896 2577 addunt
911 2523 988 2576 τὸι·
1017 2521 1069 2576 0
1081 2521 1184 2573 dea
1283 2520 1437 2573 Thes.
1457 2521 1673 2594 probant
1695 2521 2075 2592 obstrigillant,
2094 2521 2129 2573 i.
2148 2541 2190 2572 e.
2212 2519 2307 2572 ob-

157 2605 312 2658 certe!
339 2603 601 2656 Omittunt
621 2601 828 2674 plurimi
856 2612 906 2655 et
925 2611 1030 2652 ant.
1067 2597 1183 2651 edd.
1283 2613 1429 2652 staut-
1464 2601 1633 2655 Editio
1660 2602 1866 2673 antiqua
1898 2600 2085 2674 prabet
2108 2602 2309 2669 obstag-

161 2684 262 2738 sed
283 2703 398 2737 non
435 2682 584 2735 video
603 2721 618 2748 ,
643 2698 800 2753 quare
827 2678 1054 2732 omiserit
1082 2677 1187 2729 Se-
1278 2683 1496 2750 gillam.
1526 2682 1703 2734 Buhk.

163 2783 295 2818 neca.
317 2759 539 2816 Reduxi.
569 2758 754 2810 Ruhk.
1353 2759 1401 2808 5.
1445 2756 1773 2820 Obscurilate
1809 2760 2043 2811 retinent.
2080 2758 2309 2813 Obscum

229 2861 270 2894 ι.
292 2842 544 2896 Colitur...
559 2840 842 2891 voluntate.
861 2834 1056 2886 Eadem
1072 2850 1184 2884 sen·
1281 2834 1441 2906 vulgo
1460 2854 1474 2898 ς
1514 2854 1573 2887 ex
1611 2835 1802 2887 Mureti
1831 2835 2037 2907 ingenio
2061 2855 2075 2889 ε
2096 2838 2308 2890 obscuro

161 2917 316 2971 tentia
347 2915 554 2990 egregie
576 2911 794 2986 exposita
823 2923 896 2963 est
918 2911 1012 2984 Ep·
1048 2923 1153 2960 xcv
1169 2946 1185 2972 ,
1286 2910 1559 2963 editt.vett.
1580 2923 1627 2966 et
1640 2911 1799 2964 musti.
1815 2912 2037 2966 Probavi
2050 2912 2309 2984 conjectu-

162 2997 222 3065 ⁴7
253 3014 328 3065 sq.
351 2991 536 3044 Ruhlc.
1283 3007 1397 3040 ram
1439 2988 1672 3042 Pinciani
1693 3011 1708 3054 ;
1752 3001 1808 3042 ut
1847 3002 2167 3063 opponantur
2216 2991 2311 3042 ista

227 3095 272 3127 α.
293 3071 576 3138 Suspenso.
607 3066 827 3122 Dona-ii
849 3065 962 3119 loco
988 3065 1045 3117 in
1072 3065 1190 3118 for-
1287 3065 1391 3119 duo
1410 3106 1425 3132 ,
1441 3069 1711 3134 splendore
1734 3078 1785 3118 et
1805 3069 2132 3120 obscuritate.
2147 3066 2309 3120 Schw.

165 3172 270 3204 mas
293 3149 517 3203 redacto.
547 3145 726 3200 Ruhk.
1354 3142 1403 3196 6.
1433 3142 1545 3196 Sed
1573 3146 1645 3206 εἰ,
1681 3145 2198 3212 quemadmodum...
2221 3164 2313 3197 re·-

228 3231 276 3283 3.
302 3227 469 3298 Stipe.
491 3227 656 3278 Verre
685 3225 748 3277 de
768 3224 824 3275 1..
848 3222 908 3273 L.
933 3220 1026 3284 IV,
1051 3215 1118 3270 36
1143 3237 1192 3290 p.
1281 3227 1530 3292 purgari,
1547 3223 1623 3274 εἰς
1640 3241 1735 3273 nos
1757 3225 1922 3274 aciem
1939 3257 1955 3288 ‚
1973 3235 2065 3274 etc.
2086 3222 2173 3276 Sic
2193 3243 2316 3275 me—

169 3309 352 3381 Sobip.
373 3325 434 3358 :x
449 3304 564 3357 Diis
579 3345 596 3368 ‚
618 3321 778 3374 quum
795 3297 1045 3353 thesauris
1063 3315 1193 3350 esses
1289 3298 1441 3351 liores
1468 3296 1600 3350 libri.
1627 3296 1804 3371 Vulgo
1828 3298 1940 3353 Sed
1961 3303 2316 3370 quemadmm.

171 3387 316 3452 dant,
343 3384 527 3456 stipem
549 3381 740 3434 dieunt.
761 3401 790 3426 ιο
816 3378 894 3431 cf.
913 3377 996 3430 De
1015 3377 1195 3428 Benef.
1289 3381 1367 3431 sic
1387 3388 1439 3431 et
1462 3397 1557 3430 nos
1580 3381 1758 3431 aciem.
1780 3379 1948 3434 δάιον.

171 3468 266 3518 Vll
291 3505 308 3532 ,
332 3484 378 3517 e.
407 3464 440 3527 4
461 3483 476 3526 3
498 3461 696 3535 Lipsius
722 3459 787 3512 ad
812 3456 978 3510 Taciti
1001 3455 1194 3510 Annal.
1360 3476 1405 3527 7.
1430 3455 1619 3508 Etiam
1640 3455 1937 3510 bumilitate
1952 3495 1969 3524 ,
1996 3478 2051 3510 a.
2075 3479 2118 3512 c.
2146 3459 2217 3512 A.
2241 3459 2321 3512 Ee

175 3542 318 3606 xlv,
355 3543 432 3594 15.
457 3538 638 3590 Ruhlc.
1291 3534 1476 3586 hunul.
1498 3533 1614 3586 edd.
1631 3553 1689 3587 ex
1709 3535 1778 3586 R.
1795 3535 1958 3609 δεξιον.

237 3623 282 3688 4.
314 3619 704 3686 Obstn'gillant.
729 3616 806 3667 Ita
829 3613 998 3686 legere
1021 3631 1074 3664 se
1097 3623 1196 3664 tra-
1360 3617 1407 3668 8.
1433 3613 1730 3667 Malitiam.
1756 3616 2091 3670 Aversionem
2115 3635 2143 3668 a
2164 3615 2319 3672 bono.

177 3696 250 3750 dit
274 3697 548 3750 Pincianus
569 3715 581 3744 :
599 3705 894 3765 receperunt
910 3693 1137 3744 Muretus
1151 3703 1201 3742 et
1296 3694 1477 3747 Ruhk.

180 3775 380 3843 Lipsius
399 3793 500 3826 una
521 3791 636 3824 cum
661 3769 943 3824 Gronovio.
967 3767 1132 3822 codd.
1151 3782 1199 3821 et
1361 3791 1407 3844 9.
1435 3771 1774 3824 AEmmnost’.
1800 3772 1952 3826 Malis
1974 3773 2173 3824 obtecti.
2196 3775 2322 3826 Μο-

181 3853 374 3905 Eram.
397 3851 590 3904 habeut
605 3851 910 3918 obsigillanl
920 3867 936 3901 .·
951 3848 1201 3902 aliiobsta'-
1296 3870 1395 3903 neo
1416 3887 1432 3914 ,
1486 3871 1551 3904 ne
1610 3852 2020 3906 emendationem
2069 3852 2321 3906 Gronovii

173 3932 370 3996 gillam
384 3967 401 3994 ,
436 3929 796 3996 obstigallant.
832 3925 1056 3978 Tui-neb.
1083 3923 1204 3976 Ad-
1299 3931 1575 3999 oemge‘nou‘
1598 3931 1847 4002 praescres.
1866 3929 2047 3981 Rumr.

183 4025 310 4058 vers.
331 4005 400 4059 3ο
414 4041 430 4072 ,
445 4007 478 4060 3
491 4041 509 4072 ‚
527 4003 745 4077 pretulit
763 4006 1066 4074 obsigillat&
1078 4041 1092 4068 ,
1110 4003 1144 4056 i.
1159 4025 1204 4056 c.
1374 4005 1959 4059 anonoe-umffemre
1974 4007 2223 4059 bonorum
2244 4005 2305 4056 ed
2316 4045 2329 4060 .

187 4085 479 4140 occludunt.
513 4083 799 4158 Stephanus
837 4095 888 4136 et
919 4083 1130 4138 Gesner.
1149 4083 1206 4136 in
1305 4081 1513 4155 Bipout.
1530 4095 1581 4136 et
1601 4082 1773 4138 Ruhk.
1792 4082 1955 4136 Scbw.
