2667 4475
797 314 1349 387 EPISTOLA
1397 318 1692 387 XCIV.
2232 326 2325 420 89

161 449 310 544 ligo
331 452 386 532 ¹,
411 444 747 541 profuisse
771 446 831 513 ².
865 474 899 511 «
927 448 1196 516 Minuta
1222 447 1531 540 quaedsm
1550 498 1573 533 ,
1602 465 1680 518 ut
1704 450 1800 519 ait
1826 448 2079 520 Phaedo
2096 443 2149 537 ³,
2180 456 2329 523 sni-

163 566 371 635 malia
393 614 414 650 ,
458 586 668 656 quum
703 563 1019 633 mordent
1041 615 1060 649 ,
1103 588 1242 633 non
1279 567 1701 655 sentiuntur,
1734 568 1903 637 adeo
1934 572 2160 639 tenuis
2186 571 2326 641 illis

166 700 238 752 et
277 679 520 750 fallens
557 680 632 748 in
667 679 1048 773 periculum
1088 682 1194 749 vis
1230 696 1334 751 est
1369 707 1385 749 ε
1420 696 1645 753 tumor
1678 685 1936 756 iudicat
1974 710 2270 755 morsum
2298 738 2319 769 ‚

163 813 237 863 et
286 796 363 863 in
413 794 565 887 ipso
617 809 880 862 tumore
917 794 1182 879 nullum
1221 794 1473 865 vulnus
1506 814 1814 892 apparet.
1859 798 2049 869 Idem
2090 799 2213 869 tibi
2250 804 2323 870 in

163 910 684 980 conversatione
731 910 1036 979 virorum
1085 911 1499 1004 sapientium
1536 916 1811 985 eveniet
1843 942 1860 983 z
1894 940 2033 985 non
2070 915 2321 1010 depre-

161 1025 434 1095 hendes
458 1022 1022 1118 quemadmodum
1043 1075 1062 1109 ,
1095 1040 1216 1095 aut
1241 1026 1519 1119 quando
1548 1030 1676 1097 tibi
1701 1032 1955 1124 prosit3
1989 1032 2323 1127 profuisse

160 1141 668 1237 deprehendes.
695 1168 730 1207 »
755 1182 856 1195 -
883 1142 1199 1235 Quorsus
1219 1192 1238 1225 ,
1295 1140 1573 1237 inquis⁴
1596 1196 1619 1230 ,
1670 1146 1803 1217 hoc
1850 1152 2149 1243 pertinet
2173 1152 2325 1221 1³—-

161 1260 388 1350 AEque
435 1272 773 1351 praeeepta
823 1256 1000 1325 bona
1023 1305 1044 1339 ,
1099 1257 1158 1323 si
1203 1280 1377 1350 saepe
1428 1272 1655 1329 tecum
1695 1262 1867 1346 sint,
1914 1263 2273 1363 profutura
2294 1314 2313 1348 ,
2368 1296 2435 1365 4,

161 1397 370 1466 quum
391 1373 572 1442 bona
592 1373 924 1467 exempla.
939 1366 1391 1467 Pythagora?
1416 1376 1537 1461 ait,
1568 1401 1601 1439 «
1618 1375 1827 1444 alium
1844 1379 2145 1446 animum
2164 1380 2319 1447 fieri

160 1490 583 1559 intrantibus
635 1490 961 1583 templum
986 1539 1006 1574 ,
1065 1490 1504 1583 Deorumque
1552 1492 1915 1563 simulacra
1964 1517 2049 1562 ex
2092 1495 2321 1565 vicino

159 1606 606 1676 cernentibus
626 1655 647 1691 ,
689 1621 757 1675 et
786 1606 1075 1697 alicujus
1109 1606 1369 1676 oraculi
1390 1603 1417 1644 ⁶
1454 1611 1966 1703 opperientibus
1988 1634 2247 1681 vocem.
2277 1640 2311 1677 n

256 1726 441 1818 Quis
473 1740 700 1794 autem
736 1724 1122 1817 negaverit,
1157 1722 1353 1791 feriri
1380 1724 1785 1817 quibusdum
1820 1730 2180 1823 praeceptis
2208 1729 2313 1799 ef-

157 1842 470 1910 ficaciter
507 1843 712 1910 etiam
748 1840 1284 1934 imperitissimos
1307 1840 1341 1910 Ρ
1375 1840 1560 1909 velut
1595 1842 1707 1912 his
1740 1842 2155 1916 brevissimis
2189 1870 2309 1916 vo·
2364 1864 2431 1935 43

159 1956 357 2024 cibus
374 2006 398 2043 ,
439 1954 564 2025 sed
595 1954 882 2027 multum
921 1951 1334 2023 habentibus
1368 1954 1696 2049 ponderis
1727 1982 1743 2025 ε

671 2134 852 2154 ......
875 2097 1020 2151 Nihil
1046 2098 1202 2150 nimis
1215 2098 1264 2153 7!

659 2187 855 2242 Avarus
868 2184 892 2221 ⁸
913 2182 1116 2238 suimus
1139 2182 1284 2239 nullo
1307 2184 1516 2242 satiatur
1538 2190 1697 2244 lucro.

661 2271 744 2326 Ab
763 2270 866 2333 alio
893 2281 1140 2343 exspectes
1159 2307 1175 2338 ,
1196 2269 1343 2322 elteri
1364 2273 1503 2342 quod
1526 2276 1719 2330 feceris.

154 2399 322 2466 Haec
351 2419 512 2466 cum
551 2395 694 2464 ictu
725 2389 1026 2488 quodam
1057 2387 1372 2462 audimus
1387 2444 1407 2478 ,
1446 2420 1579 2468 nec
1607 2399 1733 2467 ulli
1759 2399 1923 2468 licet
1956 2397 2303 2484 dubitare,

180 2582 194 2592 ’
223 2605 266 2639 1.
281 2585 442 2640 Sicut
453 2587 596 2640 illud
609 2587 854 2656 intelligo.
871 2585 937 2638 Et
947 2585 1047 2639 hoc
1057 2591 1185 2637 'nos-

149 2676 224 2717 tra
250 2665 318 2718 de
339 2664 558 2736 conject.
581 2663 756 2738 Vulgo
777 2667 850 2718 sic
863 2673 924 2717 ut
945 2665 1086 2716 illud
1101 2666 1186 2715 in-

148 2746 412 2814 telligam.
429 2741 596 2796 Schae.

213 2843 261 2874 ει.
285 2821 402 2875 Nec
420 2823 568 2874 tibi...
587 2820 863 2891 profuisse.
883 2821 982 2874 Int.
1006 2839 1184 2891 quam-

147 2920 304 2971 quam
333 2899 487 2954 facile
505 2899 736 2974 intelligo
757 2901 888 2956 mihi
903 2901 1148 2976 profuisse
1163 2938 1180 2968 ,

145 3001 254 3033 non
293 2999 506 3054 possum
543 2979 691 3034 facile
727 2981 896 3034 dicere
927 2978 1182 3051 quemad-

143 3061 369 3114 modum
407 3060 656 3132 profuerit
695 3059 826 3113 mihi
863 3053 1202 3114 conversatio

145 3137 238 3192 illa
259 3138 546 3192 bonorum.

208 3217 260 3268 3.
287 3217 515 3270 Phoedo.
536 3215 730 3271 Phaedo
747 3214 966 3268 Elieusis
983 3255 999 3277 .
1027 3215 1180 3268 Elis-

143 3313 216 3348 ω
235 3309 398 3350 secta
419 3307 612 3360 auctor,
635 3297 858 3351 Socratis
879 3290 1174 3366 discipulus,

141 3374 288 3446 cujus
325 3374 544 3429 nomine
579 3375 860 3448 Dialogum
895 3374 1176 3432 celeberri-

137 3471 288 3504 mum
309 3452 374 3506 de
397 3451 771 3507 immortalitate
791 3452 978 3507 anima
995 3452 1174 3506 iuscri-

139 3530 238 3603 psit
279 3529 454 3584 Plato.
499 3529 712 3600 Scripsit
743 3529 994 3604 Dialogos
1021 3569 1038 3600 ,
1079 3525 1182 3602 qui

142 3627 325 3663 omnes
361 3607 587 3681 periere,
629 3619 678 3661 et
708 3608 848 3662 unde
881 3608 1018 3674 hoec,
1055 3628 1170 3681 quae

139 3683 378 3740 laudavit
404 3685 895 3761 noster,.desurnpta
925 3700 1058 3742 suut.
1089 3689 1168 3743 Cf.

139 3761 374 3818 Fabricii
416 3763 552 3817 Bibl.
581 3765 1033 3839 grec-lib.11‚c.
1061 3765 1168 3834 23·

141 3839 171 3908 S
195 3841 278 3972 ῗ
290 3841 498 3978 {¹⁰2¹ss
529 3923 664 3964 recte
699 3909 820 3964 libri
851 3923 972 3965 vett.
999 3910 1170 3988 Vulgo

135 3987 330 4052 inquit.
357 3985 524 4040 Schw-

205 4065 254 4116 5.
287 4063 652 4136 Pythagoras.
668 4067 819 4134 Hoc
806 4081 872 4122 ita
898 4069 1033 4142 apud
1058 4069 1168 4126 Cic.

1281 2583 1336 2636 II
1353 2581 1417 2637 de
1432 2587 1590 2662 Legg.
1609 2608 1649 2642 c.
1658 2609 1677 2642 1
1692 2608 1744 2645 1:
1765 2590 1877 2643 «Et
1893 2589 2026 2645 illud
2046 2591 2179 2645 bene
2198 2581 2311 2647 die-¹

1281 2675 1389 2716 tum
1406 2677 1479 2718 est
1490 2685 1521 2718 a
1533 2667 1849 2756 Pythagora,
1865 2669 2154 2724 doctissimo
2170 2671 2303 2738 viru,

1279 2755 1391 2796 tum
1414 2743 1632 2797 maxime
1666 2759 1717 2798 et
1747 2746 1983 2821 pietatem
2010 2761 2057 2801 et
2082 2749 2305 2824 religio-

1280 2839 1400 2873 nem
1425 2823 1615 2877 versari
1639 2823 1697 2877 iu
1720 2825 1932 2888 animis,
1971 2847 2132 2897 quum
2154 2827 2303 2880 rebus

1280 2898 1393 2952 div
1344 2899 1477 2954 vinis
1496 2921 1701 2974 operam
1720 2863 2021 2959 dammis.»
1992 2905 2189 2976 »Lips-

1344 2977 1393 3032 6.
1423 2977 1502 3030 Ee
1533 2984 1757 3046 alicuius
1792 2983 1996 3034 oraculi
2018 2993 2111 3035 etc-
2136 2981 2223 3036 sic
2245 3003 2298 3036 a.

1275 3074 1317 3108 c.
1344 3054 1416 3108 R.
1438 3057 1510 3110 A.
1538 3070 1595 3112 ut
1614 3057 1772 3130 vulgo
1795 3077 1810 3113 ε
1834 3057 1923 3110 sed
1954 3057 2157 3112 videtur
2179 3079 2299 3112 cum

1276 3133 1425 3189 Pinc.
1450 3148 1501 3188 et
1534 3136 1697 3190 Pala.
1737 3157 1784 3191 ει.
1822 3149 1873 3190 et
1912 3135 2029 3190 Col.
2063 3137 2119 3190 in
2157 3139 2299 3192 huuc

1275 3213 1492 3266 modum
1516 3214 1797 3289 supplenda
1826 3213 1989 3268 oratio
2008 3251 2023 3278 ,
2052 3226 2103 3269 et
2125 3218 2297 3268 alium

1273 3293 1558 3365 anteferes
1578 3297 1800 3358 alicuius
1834 3305 1927 3346 etc.
1956 3291 2056 3346 nisi
2088 3292 2295 3348 uberius

1274 3369 1449 3437 etism,
1459 3381 1511 3425 et
1527 3375 1697 3426 alium
1714 3382 1837 3425 ante
1846 3373 1994 3444 sores
2008 3374 2292 3439 stantibus,

1269 3457 1320 3502 et
1339 3453 1591 3520 alicujus,
1618 3463 1711 3504 etc.
1734 3449 1897 3504 Schw.

1341 3548 1387 3598 7.
1418 3527 1577 3582 Mhil
1602 3531 1779 3583 nimis.
1805 3527 2039 3585 Chilonis
2067 3531 2293 3588 effatum.

1271 3604 1476 3660 Plinius
1508 3605 1599 3658 lib.
1622 3605 1750 3672 vn,
1790 3626 1900 3681 cap.
1936 3608 2001 3660 32
2038 3607 2165 3662 dicit
2196 3607 2293 3663 hu-

1269 3685 1349 3757 jus
1370 3684 1608 3759 sapientis
1648 3698 1890 3760 precepta
1926 3685 2105 3742 litteris
2128 3689 2291 3742 aureis

1268 3761 1325 3816 iu
1374 3764 1542 3816 fronte
1594 3763 1773 3859 templi
1818 3762 2058 3839 Delphici
2110 3767 2290 3838 scripte

1267 3839 1440 3894 fuisse.

1333 3921 1383 3973 8.
1402 3921 1652 3986 Avarus,
1676 3933 1771 3974 etc.
1795 3921 1895 3974 Hic
1920 3939 2096 3974 versus
2127 3931 2177 3972 et
2198 3939 2287 3971 se-

1268 4016 1428 4067 quens
1445 4019 1473 4050 e
1488 3998 1659 4054 Publii
1680 3999 1799 4072 Syri
1812 3999 2073 4054 sententiis
2092 3979 2287 4070 repetiti

1267 4092 1371 4128 esse
1398 4073 1652 4130 videntur.
1672 4075 1857 4128 Ruhlc.
