2667 4475
763 302 1296 374 EPISTOLA
1348 302 1629 373 XCIV.
2195 334 2278 399 77

123 454 378 527 tionem
400 437 659 519 animi,
689 434 808 529 qui
838 434 1056 503 levius
1083 432 1216 502 sibi
1245 434 1404 503 Facit
1429 433 1771 528 quidquid
1793 438 2283 507 contumaciter

123 568 360 647 passus
409 570 515 623 est
535 559 585 622 ¹.
628 554 976 646 Optimam
1027 550 1286 621 doloris
1329 576 1477 621 esse
1515 568 1828 622 naturam
1853 604 1873 638 ,
1919 552 2105 647 quod
2141 580 2279 625 non

123 684 378 760 potest,
421 692 556 737 nec
575 717 594 750 ‚
637 668 762 760 qui
793 664 1209 747 extenditur,
1253 689 1541 760 magnus
1572 690 1768 755 esse3
1807 692 1939 737 nec
1961 720 1980 752 ,
2022 670 2143 762 qui
2180 685 2283 739 est

127 808 414 879 magnus
435 833 460 869 ,
491 780 794 853 extendi.
827 782 1078 851 Omnia
1107 782 1376 852 fortiter
1398 781 1801 877 excipienda
1824 788 1878 869 ²,
1908 808 2063 878 quae
2080 784 2283 854 nobis

125 899 366 968 mundi
419 902 788 970 necessitas
835 901 1152 993 imperat.
1209 900 1334 968 His
1387 900 1681 970 decretis
1720 924 1935 995 quum
1978 901 2173 970 illum
2204 903 2279 971 in

123 1034 564 1111 conspectum
619 1040 756 1086 suae
807 1014 1221 1085 conditionis
1287 1016 1653 1086 adduxeris
1676 1068 1699 1104 ,
1762 1034 1833 1087 et
1884 1021 2281 1113 cognoverit

121 1132 389 1200 beatam
427 1154 574 1201 esse
605 1134 808 1201 vitam
836 1181 857 1215 ,
904 1155 1043 1200 non
1075 1155 1229 1224 quae
1265 1131 1643 1202 secundum
1682 1133 2092 1228 voluptatem
2131 1151 2274 1223 est,

123 1248 244 1316 sed
281 1246 662 1317 seeundum
711 1264 1061 1336 natumm3
1103 1272 1318 1340 quum
1355 1250 1677 1319 virtutem
1712 1252 1989 1319 unicum
2024 1251 2279 1322 bonum

119 1363 424 1434 hominis
451 1366 900 1449 adamaverit,
934 1365 1433 1460 turpitudinem
1461 1366 1674 1435 solum
1708 1368 1953 1437 malum
1984 1369 2275 1463 fugerit3

121 1482 393 1573 reliqua
435 1482 698 1566 omnia,
727 1481 1055 1563 divitias,
1109 1479 1441 1563 honores,
1478 1481 1723 1550 bonam
1773 1482 2274 1570 valetudinem,

119 1599 304 1666 vires
325 1648 346 1679 ‚
384 1598 674 1689 imperia
699 1646 718 1678 ,
757 1598 994 1666 scierit
1045 1620 1194 1665 esse
1245 1596 1535 1665 mediam
1572 1613 1876 1691 partem,
1916 1622 2047 1668 nec
2078 1598 2280 1667 bonis

115 1713 711 1782 annumerandam
731 1762 750 1794 ‚
792 1736 926 1782 nec
963 1711 1158 1780 malis
1191 1736 1210 1778 ι
1240 1713 1645 1781 monitorem
1678 1738 1818 1783 non
1864 1713 2281 1783 desiderabit

115 1830 206 1899 ad
227 1830 545 1924 singula,
578 1830 702 1921 qui
731 1829 916 1898 dicat
951 1854 968 1897 ε
1010 1828 1184 1896 «esic
1209 1827 1489 1925 incede,
1528 1832 1629 1899 sic
1656 1830 1891 1901 coena!
1924 1834 2075 1901 Hoc
2099 1833 2271 1915 viro,

116 1947 250 2014 hoc
309 1946 576 2014 feminae
598 1994 618 2026 ‚
676 1943 810 2011 hoc
867 1942 1147 2024 marito,
1203 1940 1341 2012 hoe
1384 1944 1606 2013 caelibi
1656 1942 2015 2015 convenit!
2050 1974 2082 2013 n
2138 1948 2277 2017 Ista

114 2054 348 2133 enim³
407 2064 526 2154 qui
579 2059 1099 2155 diligentissime
1143 2076 1461 2147 monent,
1502 2062 1635 2153 ipsi
1674 2060 1897 2131 facere
1934 2087 2073 2132 nou
2106 2088 2278 2157 pos-

111 2197 304 2252 sunt.
351 2182 516 2248 Haec
551 2176 966 2272 paedagoguss
999 2200 1216 2281 puero
1242 2228 1260 2262 ‚
1302 2176 1453 2248 haec
1481 2179 1634 2248 avia
1660 2182 1894 2274 nepoti
1920 2182 2229 2276 praecipit
2250 2178 2288 2270 ς’

111 2316 180 2367 et
201 2350 220 2382 ,
269 2296 708 2367 irascendum
753 2319 892 2364 non
937 2319 1126 2378 esse,
1177 2297 1501 2390 magister
1542 2297 2101 2368 iracundissimus
2132 2301 2277 2370 dis—

113 2428 338 2507 putat.
385 2414 458 2481 si
495 2405 775 2480 ludum⁴
807 2408 1214 2478 litterarium
1257 2411 1621 2480 intraveris
1645 2461 1663 2494 ,
1709 2393 2077 2494 seiesista,
2120 2438 2273 2506 quae

113 2531 390 2624 ingenti
441 2523 818 2622 supercilio
865 2527 1258 2622 philosophi
1306 2530 1567 2622 jactant
1588 2578 1607 2610 ,
1676 2530 1751 2596 in
1818 2529 2069 2622 puerili
2126 2555 2272 2601 esse

115 2647 552 2742 prascripto.

207 2763 458 2831 Utrum
503 2756 753 2827 deinde
807 2755 1162 2825 manifesta
1181 2749 1236 2839 ⁵,
1290 2781 1381 2824 an
1424 2755 1635 2826 dubia
1676 2758 2081 2854 praecipies?
2114 2765 2270 2832 Non

183 3001 228 3034 ι.
259 2979 383 3052 Qm’
398 2981 564 3033 levius
593 2977 700 3031 sibi
715 2975 860 3048 sacis
875 2975 1143 3047 quidquid
1235 2974 1324 3046 qui
1341 2988 1591 3029 estservus
1607 2995 1793 3049 ,puero
1810 2973 2005 3046 libero,
2028 2980 2101 3034 sic
2120 2987 2265 3044 avia.

107 3068 238 3114 cont.
253 3077 464 3130 passus
481 3066 574 3110 est.
595 3055 682 3110 Sic
701 3064 756 3109 et
774 3054 1016 3108 Horatius
1034 3053 1138 3105 Od.
1237 3072 1357 3124 quoe
1378 3065 1451 3106 est
1468 3054 1638 3107 vetula
1645 3059 1852 3125 ,nepoti
1869 3057 2184 3129 precipiunt.
2197 3060 2268 3113 R.

105 3155 174 3190 xx
188 3177 203 3202 ,
231 3137 328 3190 iib-
360 3136 416 3188 1:
450 3157 476 3182 α
498 3132 601 3186 sed
634 3133 796 3186 levius
823 3131 879 3185 fit
902 3130 1138 3205 patientia
1303 3134 1351 3197 4.
1373 3131 1440 3184 Sae'
1450 3132 1669 3185 ludum„
1674 3137 2017 3204 .proescrt'pto,
2035 3135 2269 3210 vulgaria

103 3211 384 3287 Quidquid
404 3211 654 3283 corrigere
684 3223 758 3264 est
779 3211 987 3263 nefas.»
1240 3221 1289 3260 et
1305 3209 1425 3262 trita
1449 3227 1553 3261 esse
1577 3227 1634 3260 ac
1657 3211 1825 3282 pueris
1850 3223 2049 3266 tantum
2073 3213 2265 3287 digna,

173 3315 220 3347 τι.
249 3292 622 3360 Eat-cipando,
662 3309 717 3341 a.
739 3307 784 3343 c.
821 3288 893 3342 R.
923 3291 995 3340 A.
1033 3304 1140 3339 non

101 3369 454 3440 aoeipfmda.
477 3381 534 3420 ut
553 3367 726 3442 vulgo.
747 3366 910 3420 Schw-

167 3448 220 3499 3.
253 3447 386 3499 Ista
407 3449 580 3498 enim..
583 3463 722 3497 ‚non
741 3451 976 3513 possunt.
1003 3441 1142 3533 Spe-

105 3526 256 3579 ciali·
281 3543 392 3578 nou
417 3543 682 3598 possumus
709 3543 766 3575 ex
793 3522 1024 3576 docti-ina
1047 3521 1141 3574 ista

106 3604 306 3658 discere
326 3644 342 3670 ,
367 3603 455 3656 sed
481 3623 538 3654 ex
560 3601 800 3675 exemplis
819 3641 834 3668 ,
861 3621 974 3673 quae
995 3601 1140 3653 vide-

104 3703 220 3736 mus
265 3696 320 3734 et
364 3681 430 3734 ad
472 3699 588 3750 quae
635 3699 728 3733 nos
775 3697 1138 3752 comparamus.

105 3759 357 3831 Exempla
381 3773 552 3812 autem
573 3771 899 3832 praeceptores
919 3758 998 3810 isti
1018 3757 1138 3810 dare

102 3859 212 3892 non
243 3851 460 3913 possunt
483 3837 655 3890 multis
682 3858 740 3891 ex
776 3836 937 3891 causis
957 3876 972 3904 ,
1010 3857 1053 3890 e.
1091 3855 1140 3910 g.

101 3919 228 3988 quia
251 3930 405 3982 etas,
430 3915 657 3970 conditio
677 3958 690 3984 ,
722 3930 812 3969 etc.
833 3914 1136 3990 impediunt,

100 3997 228 4068 qnia
255 4015 337 4049 res
355 4035 373 4063 ‚
401 3995 464 4048 de
498 3995 682 4067 quibus
711 4007 955 4070 precepta
979 3995 1103 4048 dant
1123 4035 1137 4056 ,

97 4095 236 4148 sepe
255 4087 522 4129 mutantur
540 4113 555 4141 ,
574 4088 665 4132 etc.
683 4075 771 4130 Sic
785 4079 1108 4146 paedagogus
1121 4116 1136 4144 ,

1239 3307 1354 3341 uon
1368 3289 1593 3360 qualibet
1604 3301 1746 3344 aetate
1761 3303 1810 3344 et
1834 3291 1989 3346 nullis
2012 3294 2267 3367 probatio-

1239 3367 1393 3420 nibus
1416 3367 1617 3439 adjuta,
1639 3382 1731 3422 etc.
1749 3369 1931 3423 Ruhk.
1951 3374 2268 3442 —Inproe-

1237 3451 1458 3516 scre'plo,
1484 3449 1519 3501 i.
1544 3469 1587 3500 e.
1609 3449 1663 3501 in
1697 3451 1901 3524 gnomis
1924 3463 1975 3503 et
2004 3453 2265 3507 sententiis

1237 3547 1350 3598 quae
1366 3525 1710 3580 describendae
1730 3542 1777 3582 et
1793 3531 1851 3583 ed
1859 3531 2078 3584 iscendae
2090 3551 2265 3607 propo-

1237 3620 1443 3660 nuntur.
1462 3607 1537 3658 Ita
1557 3606 1728 3659 infra.
1748 3606 1948 3660 «Pueri
1962 3609 2023 3660 ad
2043 3611 2267 3683 prascri-

1238 3697 1381 3756 ptum
1415 3683 1647 3750 discunt,
1674 3683 1824 3758 digiti
1854 3685 2063 3739 illorum
2091 3701 2266 3741 tenen-

1237 3773 1386 3814 tur.»
1360 3761 1775 3834 »Praescriptum
1817 3783 1967 3836 ergo,
1996 3766 2264 3840 exemplar·

1237 3839 1393 3907 Πρω·
1390 3859 1468 3892 us.

1305 3920 1352 3970 5.
1372 3918 1565 3972 Utrum
1582 3919 1767 3974 deinde
1776 3922 2075 3994 manifesta.
2088 3921 2260 3975 Ruhk.

1237 4008 1413 4050 utrum
1427 3997 1715 4068 manJesta
1733 3998 2031 4051 dee'ndetsic.
2043 4037 2059 4064 ,
2074 3997 2259 4067 inquit,

1241 4077 1388 4130 Pine-
1410 4091 1456 4130 et
1482 4077 1627 4131 Grut.
1650 4095 1765 4131 mss.
1792 4095 1986 4131 omnes.
2010 4081 2173 4130 Antea
2195 4077 2267 4129 le·

2326 2797 2389 2832 to
