2667 4475
372 358 509 453 394
1095 348 1783 425 FnAGMENTA

375 488 464 555 tis
489 536 510 569 ,
550 494 764 579 quu'm
794 484 940 581 jam
965 482 1306 553 bellorum
1341 482 1628 551 materia
1663 478 1994 551 deficeret
2015 531 2036 565 ,
2079 477 2352 550 viribus
2393 484 2530 551 suis

372 602 549 671 male
583 610 897 671 uteretur
914 652 935 686 ‚
978 597 1232 694 quibus
1270 622 1345 668 se
1377 600 1527 692 ipsa
1559 598 1877 667 confecit.
1925 600 2089 667 Haec
2135 594 2270 665 fuit
2307 600 2532 692 prima

374 718 524 810 ejus
550 733 899 803 senectus,
947 740 1159 813 quum
1193 713 1398 783 hellis
1432 713 1729 783 lacerata
1762 712 2078 785 civilibus
2095 763 2119 799 ,
2160 728 2379 806 atque
2423 716 2534 783 in-

375 836 622 904 testino
650 835 829 904 malo
860 858 1097 929 pressa
1127 883 1146 915 ,
1182 856 1421 901 rursus
1446 830 1538 900 ad
1569 834 1880 927 regimen
1915 831 2289 927 singularis
2313 832 2536 926 iinpe-

350 954 464 1043 =rii
490 950 773 1033 recidit,
817 952 1012 1045 quasi
1050 949 1143 1019 ad
1174 948 1461 1019 alteram
1495 949 1853 1018 infantiam
1881 945 2218 1018 revoluta.
2267 944 2536 1018 Amissa

370 1068 554 1137 enim
585 1067 899 1137 libertate
922 1117 943 1151 ,
980 1090 1187 1160 quam
1213 1068 1426 1135 Bruto
1456 1063 1633 1134 duce
1659 1079 1731 1134 et
1754 1080 2032 1135 auctore
2061 1062 2476 1133 defenderat
2509 1113 2528 1145 ‚

376 1186 470 1253 ita
505 1186 867 1253 consenuit
884 1233 906 1269 ‚
952 1199 1278 1277 tanquam
1325 1196 1704 1251 sustentare
1747 1205 1824 1251 se
1859 1184 2012 1276 ipsa
2041 1204 2184 1251 non
2215 1179 2486 1251 valeret
2513 1231 2532 1262 ‚

376 1299 511 1369 nisi
542 1299 959 1371 adminiculo
988 1300 1377 1395 regentium
1411 1300 1778 1369 niteretur.
1825 1326 1862 1363 n

504 1478 510 1491 ’
606 1496 621 1562 1
676 1492 740 1549 Β.
762 1494 1147 1549 Eunomus
1166 1494 1407 1547 adversm
1429 1492 1800 1547 lominum
1815 1532 1832 1561 ,
1859 1491 1994 1546 libro
2013 1492 2202 1567 primo.

480 1642 571 1709 30
586 1692 603 1709 .
658 1640 949 1711 Claudia
1011 1642 1211 1734 virgo
1260 1639 1552 1710 Vestalis
1588 1690 1610 1725 ,
1665 1664 1878 1734 quum
1945 1640 2021 1707 in
2077 1638 2538 1731 suspicionem

248 1812 263 1819 -
379 1758 679 1827 venisset
711 1758 930 1849 stupri
946 1806 965 1839 ,
1006 1771 1078 1826 et
1114 1756 1551 1827 simulacrum
1587 1756 1824 1825 matris
1855 1751 2056 1823 Idaeae
2085 1754 2162 1822 in
2207 1751 2392 1821 vado
2423 1753 2540 1819 Τῖ-

378 1872 566 1942 beris
590 1871 887 1941 haereret
905 1922 926 1956 ‚
956 1870 1049 1941 ad
1068 1870 1644 1969 comprobandam
1667 1870 2073 1967 pudicitiam
2099 1892 2298 1939 suam
2327 1868 2538 1937 fertur

382 1987 661 2083 cingulo
699 1985 971 2057 duxisse
1000 2014 1240 2059 navem
1260 2041 1284 2078 ,
1320 2014 1523 2083 quam
1551 1989 1765 2059 multa
1791 1988 2006 2057 millia
2033 1987 2398 2057 hominum
2417 2001 2538 2054 tra·

379 2104 551 2173 here
580 2106 1057 2197 nequiverant.
1110 2132 1145 2173 α
1174 2106 1425 2177 Melius
1451 2122 1717 2193 tamen,
1756 2105 1984 2197 inquit
2015 2104 2281 2171 Lucani
2325 2116 2540 2195 poetae

385 2237 711 2316 patruus,
749 2247 905 2292 cum
957 2221 1079 2291 illa
1110 2240 1289 2292 esset
1323 2240 1587 2308 actum,
1633 2224 1690 2291 si
1727 2222 1873 2292 hoc’
1895 2218 2080 2316 quod
2130 2207 2414 2302 evenit,=
2435 2243 2542 2302 or:-

380 2355 781 2409 namentum
809 2341 1037 2433 potius
1074 2341 1438 2434 exploratas
1467 2339 1708 2414 fuisset
1739 2337 2093 2436 pudicitiae
2120 2387 2142 2421 ,
2174 2357 2388 2429 quam
2407 2333 2538 2401 du-

383 2457 514 2527 biae·
540 2458 1023 2553 patrocinium.
1070 2479 1110 2521 ι

1268 2593 1477 2650 Eodem
1499 2593 1649 2656 libro,-

491 2739 575 2808 31
594 2791 611 2808 .
654 2741 1091 2836 scripserunt
1120 2737 1561 2824 Aristoteles,
1605 2754 1677 2808 et
1707 2737 2156 2822 Plutarchus,
2201 2753 2274 2808 et
2308 2755 2538 2807 noster

388 2856 644 2927 Seneca
666 2853 753 2923 de
776 2855 1207 2923 matrimonio
1232 2853 1448 2924 libros
1465 2904 1484 2938 ,
1517 2877 1600 2922 cx
1624 2852 1874 2946 quibus
1900 2867 1972 2940 et
1996 2852 2358 2945 superiora
2380 2876 2544 2921 non-

389 2971 582 3046 nulla
608 2987 789 3056 sunt,
814 2987 883 3041 et
909 2973 1038 3039 ista
1068 2995 1221 3065 quae
1249 2971 1676 3064 subjicimus.
1714 2995 1748 3035 α
1767 2968 2003 3056 Amor,
2024 2967 2261 3037 formae
2291 2967 2557 3040 oblivio.

388 3101 530 3171 est,
566 3101 637 3155 et
669 3087 952 3154 insaniae
977 3086 1324 3179 proximus
1346 3134 1367 3169 ,
1404 3084 1656 3153 foedum
1688 3084 2108 3175 minimeque
2132 3085 2564 3158 conveniens,

392 3203 620 3272 animo
650 3205 884 3297 sospiti
915 3203 1158 3272 vitium
1180 3253 1199 3284 ‚
1242 3201 1475 3270 turbat
1512 3201 1828 3284 consilia,
1869 3199 2042 3267 altos
2077 3213 2149 3266 et
2183 3222 2548 3296 generosos

390 3319 673 3412 spiritus
708 3319 961 3414 frangit
984 3370 1005 3404 ,
1052 3344 1094 3388 a
1130 3319 1392 3415 magnis
1426 3316 1950 3412 cogitationibus
1997 3312 2087 3384 ad
2132 3315 2564 3390 humillimas„

394 3435 697 3505 'detrahit
738 3463 757 3506 ι
789 3437 1154 3529 querulos,
1196 3434 1562 3505 iracundos
1583 3486 1602 3520 ‚
1638 3434 2072 3520 temerarios,
2116 3431 2294 3512 dure
2330 3435 2544 3526 impe-

397 3555 648 3637 riosos,
687 3553 1031 3621 serviliter
1066 3553 1394 3639 blandos,
1441 3553 1758 3622 omuibus
1795 3547 2076 3621 inutiles
2106 3601 2126 3634 ,
2161 3551 2298 3645 ipsi
2328 3551 2546 3618 novis-

396 3671 565 3744 sime
594 3670 854 3754 amori,
889 3671 1074 3738 facit.
1110 3674 1282 3739 Nam
1319 3695 1530 3765 quum
1559 3669 1834 3739 fruendi
1869 3667 2247 3762 cupiditate
2286 3667 2550 3738 insatia-

395 3893 751 3954 terminantur.
775 3889 987 3956 Confer,
1004 3909 1261 3963 agnosces.
1280 3891 1423 3964 Ergo
1517 3891 1576 3944 L.
1617 3901 1794 3962 patre,
1839 3888 1928 3963 agi
1972 3887 2358 3943 crediderimus.
2397 3885 2552 3958 Cujus

398 3973 566 4026 verius
585 4009 599 4036 ‚
640 3971 795 4043 ipsius
818 3972 1025 4024 Senccae
1059 3969 1300 4043 scriptum
1322 3967 1424 4022 hoc
1523 3967 1779 4042 opinionis
1808 3966 2032 4020 rationes
2052 3965 2174 4021 vide
2209 3966 2376 4029 infra,
2410 3965 2554 4018 Nova

392 4051 579 4116 fuiueg
617 4062 667 4103 et
691 4049 905 4103 Florum
945 4048 1196 4104 imitando
1244 4049 1429 4101 dccci·-
1523 4047 1729 4122 Fragm.
1753 4067 1805 4122 p.
1842 4047 1970 4112 412,
2008 4057 2117 4099 not.
2157 4066 2201 4099 1.
2234 4045 2318 4098 De
2341 4057 2550 4113 utroquo

396 4128 571 4199 μίσεα.
599 4127 947 4200 upa-No·
973 4127 1039 4182 ds
1071 4127 1149 4182 M.
1190 4125 1390 4183 Seneca
1409 4166 1425 4195 ‚
1529 4125 1726 4180 Seneca
1743 4123 1948 4178 Fabric.
1967 4123 2086 4180 Bib.
2105 4124 2216 4180 lat.
2238 4135 2274 4177 t.
2299 4123 2352 4177 11
2367 4163 2384 4188 ‚
2407 4121 2550 4195 μὴ.
