2667 4475
514 299 1003 369 PHYSIOL.
1052 301 1558 372 STOICOR.
1612 306 1802 372 LIB.
1853 304 1911 374 I.
2155 310 2275 382 501

116 443 351 504 numdi
378 466 395 502 ε
422 454 480 502 et
493 441 645 504 hunc
663 446 849 525 ipsum
868 443 1145 506 mundum
1167 467 1290 506 esse
1320 445 1532 506 Deum.
1566 473 1594 500 »ι
1620 445 1734 506 Sed
1753 447 2056 508 discrimen
2082 447 2290 508 deinde

118 550 345 624 addit,
378 550 545 631 quod·
568 551 734 611 valde
764 553 936 612 velim
969 564 1151 614 notes·
1193 579 1221 630 ᾳ
1247 552 1404 614 Sicut
1423 553 2048 636 hominem.sapientem
2067 599 2084 630 ,
2109 577 2290 637 quum

119 660 215 716 sit
238 680 319 717 ex
353 659 559 717 Animo
584 671 641 717 et
662 659 911 739 Corpore
928 701 945 732 ,
984 671 1175 719 tamen
1206 659 1280 718 ab
1316 661 1524 720 Animo
1558 661 1798 722 dicimus
1832 663 2184 743 sapientem3
2215 663 2292 722 ita

124 763 435 837 Mundum
463 762 653 823 Deum
684 764 799 824 dici
828 764 901 823 ab
938 766 1129 826 animo
1148 810 1165 841 ,
1200 789 1378 848 quum
1411 769 1484 828 sit
1515 790 1586 828 ex
1615 769 1821 828 Animo
1861 781 1918 829 et
1951 769 2221 849 Corpore.
2258 795 2286 822 ι»

122 871 275 929 Hoc
306 870 473 943 vult,
508 869 803 930 Mundum
838 893 871 930 a
910 892 971 930 se
1015 883 1115 930 aut
1152 894 1259 954 per
1296 894 1358 932 se
1393 896 1510 932 non
1551 893 1673 934 esse
1721 873 1912 934 Deum
1939 897 1958 944 3
1999 886 2220 934 tantum
2255 895 2290 934 a

125 989 313 1058 parte
330 976 589 1050 meliori,
620 975 682 1036 id
704 989 789 1036 est
804 1019 821 1050 ,
849 977 1045 1038 Mente
1072 978 1171 1036 illa
1195 991 1404 1038 aeterna
1421 1023 1438 1052 ‚
1463 1001 1587 1059 quae
1621 991 1814 1051 tamen
1839 981 2008 1040 insita
2029 978 2253 1038 Mundo
2269 1023 2286 1052 ‚

124 1095 209 1144 ut
238 1084 339 1142 illa
360 1083 551 1164 aliqua
576 1083 637 1142 in
664 1083 935 1143 Homine.
970 1083 1099 1143 Non
1122 1085 1297 1166 igitur
1323 1083 1578 1144 Mundus
1607 1088 1862 1155 οὖσιωδῶς
1887 1099 2070 1146 etsua
2089 1099 2292 1146 natura

126 1189 309 1248 Deus
329 1231 347 1263 ,
374 1187 477 1248 sed
508 1191 642 1252 κατὰ
678 1192 953 1270 μετάδοσιν
972 1233 989 1264 ,
1020 1201 1087 1248 ut
1120 1189 1319 1248 dicunt
1342 1186 1523 1248 Graeci
1543 1232 1560 1263 ,
1592 1203 1650 1250 et
1673 1191 1809 1272 quia
1831 1191 2210 1252 communicat
2239 1202 2297 1250 et

127 1296 454 1376 participat
496 1295 653 1354 illam
697 1295 975 1356 Mentem.
1020 1295 1162 1354 Tale
1198 1297 1434 1356 omnino
1479 1297 1649 1356 etiam
1696 1295 2050 1378 Chrysippus
2073 1340 2090 1369 ,
2125 1296 2293 1377 ⁸apud

128 1403 399 1465 Tullium
426 1425 443 1460 ε
472 1427 501 1456 α
525 1402 663 1462 Vim
686 1401 936 1465 divinam
968 1402 1030 1460 in
1062 1400 1307 1461 Ratione
1336 1423 1461 1462 esse
1493 1403 1732 1484 positam
1756 1446 1775 1477 ,
1802 1414 1861 1462 et
1887 1405 2162 1462 universae
2183 1426 2294 1463 na-

130 1522 285 1569 turae
318 1509 525 1568 Animo
554 1521 724 1590 atque
748 1507 945 1566 Mente
980 1531 997 1565 ε
1030 1508 1335 1589 ipsumque
1364 1507 1650 1567 Mundum
1682 1508 1872 1568 Deum
1899 1506 2055 1582 dici,
2090 1521 2146 1568 et
2170 1507 2292 1587 ejus

132 1614 343 1673 Animi
370 1612 651 1674 fusionem
684 1613 1034 1676 universam.
1064 1639 1091 1664 ›-
1130 1611 1201 1672 Id
1222 1625 1344 1687 est,
1389 1613 1581 1672 Primo
1615 1613 1850 1695 quidem
1885 1625 1942 1673 et
1976 1635 2111 1674 vere
2133 1613 2291 1673 Deus

135 1731 235 1780 est
272 1721 415 1779 ratio
442 1721 564 1779 sive
594 1719 763 1780 Mens
796 1743 814 1778 ε
854 1718 1408 1798 εθοιιῃᾶειπίοκῒειωειι
1431 1731 1489 1779 et
1505 1719 1759 1780 Mundus
1781 1764 1800 1794 ‚
1825 1741 1930 1800 per
1951 1741 2124 1802 quem
2148 1722 2294 1780 Ani-

134 1848 277 1886 mus
311 1827 408 1886 ille
439 1847 501 1885 se
512 1824 707 1906 fudit,
744 1837 803 1886 et
836 1827 931 1886 cui
967 1824 1193 1885 infudit.
1237 1824 1454 1886 Seneca
1494 1847 1561 1884 eo
1593 1825 1938 1907 collineat(1
1965 1825 2173 1900 Quaest.
2210 1825 2284 1884 N.

138 1929 357 2012 Praef.)
388 1955 405 1989 ε
450 1957 478 1984 α
513 1931 667 2006 Quid
698 1942 783 1990 est
811 1929 1007 1990 Deus?
1036 1929 1207 1991 Mens
1232 1932 1507 1992 universi.
1543 1930 1696 2005 Quid
1728 1944 1812 1991 est
1843 1930 2040 1990 Deus?
2070 1945 2250 1992 totum
2270 1975 2287 2004 ‚

138 2037 305 2119 quod
342 2036 503 2098 vides
524 2081 541 2112 ,
591 2048 650 2097 et
690 2035 846 2118 quod
884 2057 1001 2096 non
1042 2036 1203 2097 vides
1240 2050 1445 2098 totum.
1473 2063 1506 2106 ,ιν
1541 2037 1746 2096 Primo.
1781 2050 1839 2096 et
1867 2035 1962 2097 hic
1993 2037 2162 2096 Mens
2207 2050 2292 2096 est

138 2143 345 2217 Deus,
385 2141 635 2203 secundo
672 2140 788 2200 hoec
826 2141 1040 2202 Mentis
1080 2142 1245 2202 sedes
1276 2155 1334 2202 et
1365 2144 1616 2202 universi
1649 2143 1848 2203 moles.
1887 2143 2288 2224 Trismegistus

142 2253 321 2310 etiam
371 2252 681 2310 clarissime
722 2247 889 2331 (cap.
934 2248 1013 2332 8)
1051 2273 1066 2308 =
1128 2276 1155 2303 α
1197 2249 1576 2310 Secundarius
1623 2250 1782 2309 Deus
1805 2294 1822 2324 ‚
1875 2250 2130 2309 Mundus
2168 2294 2184 2324 ‚
2232 2264 2293 2310 et

142 2358 361 2417 animal
387 2358 725 2417 immortale.
759 2383 787 2410 υ
824 2355 900 2417 Et
926 2356 1153 2435 subjicit
1186 2338 1571 2437 pulcherrime
1605 2380 1621 2414 ε
1667 2382 1694 2409 «ι
1727 2354 1950 2415 Primus
1978 2358 2132 2431 enim
2158 2378 2288 2415 om-

142 2467 309 2525 nium
334 2509 351 2539 ‚
389 2485 589 2524 revera
628 2476 714 2524 est
750 2464 910 2522 Deus
939 2506 956 2537 ,
1002 2463 1097 2521 ille
1126 2474 1366 2521 aeternus
1399 2506 1416 2535 ,
1461 2473 1518 2521 et
1563 2462 1848 2543 ingenitus
1872 2504 1888 2534 ‚
1934 2473 1991 2520 et
2030 2461 2286 2520 omnium

142 2572 407 2633 conditor
438 2585 608 2653 atque
638 2556 853 2653 opifex.
894 2597 922 2625 n
968 2570 1171 2650 Itaque
1208 2581 1267 2629 et
1303 2569 1474 2629 Stoici
1507 2590 1656 2649 saepe
1685 2570 1766 2628 sic
1805 2568 2067 2628 attollunt
2089 2612 2106 2641 ,
2153 2580 2212 2627 et
2250 2590 2284 2627 a

144 2698 387 2758 corpore
409 2676 615 2737 Mundi
638 2679 743 2737 isto
764 2677 1017 2737 avellunt
1042 2688 1141 2746 3ut
1158 2674 1372 2735 Seneca
1393 2674 1456 2759 (Ι
1477 2676 1684 2750 Quaest.
1716 2677 1776 2734 in
1799 2673 2005 2755 Praef.)
2030 2698 2046 2733 ε
2078 2702 2106 2729 «
2131 2673 2286 2749 Quid

144 2786 301 2845 inter
324 2797 585 2845 naturam
614 2784 726 2844 Dei
755 2796 813 2843 et
836 2796 1090 2844 nostram
1116 2782 1394 2843 interest?
1425 2784 1601 2843 nostri
1629 2782 1831 2843 melior
1852 2803 1984 2862 pars
2016 2793 2101 2842 est
2135 2783 2288 2841 Ani-

148 2913 281 2952 mus
314 2914 331 2951 2
372 2893 434 2951 in
464 2892 563 2951 illo
603 2882 773 2950 nulla?
797 2912 929 2971 pars
966 2902 1125 2949 extra
1158 2890 1436 2949 animum.
1481 2914 1508 2941 ιι
1545 2887 1658 2948 Sed
1687 2870 1762 2949 'et
1786 2891 2077 2969 superiora
2095 2932 2112 2963 ,
2161 2912 2286 2970 quae

150 2998 337 3058 attulit
358 3041 375 3072 ,
407 2996 609 3058 eodem
636 3010 775 3057 eunt
800 3020 817 3055 z
846 3018 1171 3077 sequamur.
1212 2996 1360 3055 Nam
1394 2994 1548 3077 quod
1581 2996 1706 3054 illos
1739 2995 1965 3077 longius
1999 2994 2164 3054 duxit
2182 3039 2199 3068 ‚
2230 3008 2292 3055 et

148 3102 378 3165 induxit
395 3148 412 3178 ‚
446 3102 557 3163 hoc
584 3102 722 3177 fuit,
772 3101 929 3183 quod
962 3102 1254 3161 sociabant
1284 3100 1437 3161 hune
1467 3102 1737 3162 Animum
1767 3122 1898 3161 cum
1929 3100 2152 3161 Mundo
2170 3146 2187 3177 ,
2225 3115 2290 3161 ut

150 3218 371 3293 partem
389 3216 419 3284 ‚'
436 3223 495 3271 et
518 3209 769 3270 ferinam
794 3233 810 3269 z
840 3220 899 3270 at
918 3231 1023 3269 nos
1041 3210 1251 3269 scimus
1280 3232 1410 3269 cum
1431 3208 1722 3269 Lactantio
1745 3209 1886 3291 (lib.
1911 3208 2027 3270 VII
2046 3252 2063 3282 ‚
2087 3232 2138 3269 c.
2163 3208 2242 3293 6)
2268 3235 2284 3270 ε

160 3346 189 3373 «ι
218 3318 489 3377 Divinum
511 3316 785 3400 Spiritum
816 3338 942 3376 esse
967 3316 1181 3397 ubique
1204 3314 1472 3375 diffusum
1501 3358 1518 3388 ‚
1544 3336 1727 3396 eoque
1753 3317 1944 3375 omnia
1965 3318 2242 3378 contineri
2269 3344 2285 3378 ε

154 3446 265 3485 nec
282 3436 471 3484 tamen
493 3425 571 3484 ita
596 3467 615 3498 ‚
652 3437 718 3483 ut
743 3423 903 3483 Deus
924 3424 1045 3504 ipse
1071 3467 1087 3499 ,
1126 3424 1226 3505 qui
1260 3434 1348 3481 est
1366 3423 1726 3503 incorruptus
1745 3466 1762 3497 ,
1797 3423 2063 3505 gravibus
2085 3438 2142 3483 et
2161 3448 2293 3485 cor-

156 3528 515 3612 ruptibilibus
538 3530 845 3589 misceatur
872 3530 1185 3589 elementis.
1215 3555 1243 3583 »v
1277 3529 1612 3589 Continetur
1632 3528 1825 3605 rebus,
1852 3554 1966 3591 non
1988 3530 2294 3593 confundi-

158 3651 291 3709 tur;
323 3637 531 3697 format
568 3657 697 3707 eas,
731 3656 848 3694 non
881 3634 1061 3693 forma
1087 3658 1102 3705 ;
1145 3636 1402 3709 animat,
1445 3636 1550 3694 etsi
1583 3658 1698 3694 non
1731 3638 1939 3697 anima.
1985 3636 2142 3697 Bene
2166 3681 2183 3711 ‚
2227 3652 2292 3699 ut

160 3746 427 3827 pleraque
444 3787 463 3817 ,
502 3744 891 3802 Damascenus
918 3739 1084 3822 (cap.
1142 3738 1251 3823 16)
1278 3745 1329 3822 ἐ,-
1352 3769 1392 3815 a,
1415 3743 1575 3802 Deus
1603 3744 1726 3823 ipse
1758 3746 1948 3803 omnia
1982 3745 2244 3825 pervadit
2268 3790 2285 3820 ‚

163 3851 263 3913 sed
287 3852 407 3911 sine
432 3851 709 3911 mixtione
731 3864 755 3923 ,“
787 3861 848 3909 et
882 3848 1144 3907 omnibus
1178 3850 1295 3908 vim
1308 3828 1732 3909 :ef-efficaciam
1758 3872 1919 3910 suam
1952 3854 2254 3932 participat
2271 3895 2288 3924 ,

160 3956 262 4017 sed
289 3978 393 4038 pro
422 3958 699 4037 cujusque
737 3954 1055 4037 aptitudine
1095 3966 1154 4013 et
1182 3964 1436 4036 captus&
1472 3956 1875 4016 Concludimus
1909 3956 2157 4038 denique
2179 4001 2196 4032 ,
2238 3966 2324 4017 et·

163 4068 223 4124 in
267 4074 425 4145 parte
468 4076 691 4125 tuemur
739 4062 953 4123 Stoicos
994 4059 1281 4121 Plutarchi
1324 4061 1482 4123 hisce
1537 4063 1721 4125 verbis
1763 4087 1780 4124 ε
1825 4090 1852 4117 «ι
1893 4062 2082 4125 Deum
2122 4063 2293 4127 Stoici
