2667 4475
265 870 324 921 27

387 294 510 365 160
957 292 1043 359 L.
1095 288 1457 357 ANNAEI
1504 286 1955 359 SENECAE‘

375 421 559 491 Illud
603 422 831 515 potius
875 418 1204 499 admone,
1247 417 1515 487 nullum
1550 418 1713 487 mali
1744 442 2014 489 sensum
2043 420 2134 490 ad
2168 445 2324 491 eum
2349 472 2371 505 ‚
2412 427 2535 517 qui

375 537 588 631 periit
609 585 631 620 ,
675 534 1084 629 pervenire3
1133 554 1292 600 nam
1331 532 1390 600 si
1426 534 1746 627 pervenit
1767 584 1787 617 ,
1822 558 1963 604 non
2002 538 2236 629 periit.
2276 538 2487 607 Nulla
2506 590 2530 625 ‚

376 653 658 743 inquam
677 700 696 735 ,
737 674 890 719 eum
924 671 1036 718 ree
1059 646 1282 749 laedit‚
1316 650 1439 740 qui
1468 648 1699 718 nullus
1725 665 1871 735 ectr,
1900 652 2111 737 vivit,
2144 652 2202 721 si
2223 652 2526 723 laeditur.

374 770 622 837 Utrum
659 782 856 861 putas
895 764 1000 833 illi
1045 763 1221 831 male
1256 786 1405 832 esse
1426 768 1478 846 ¹,
1518 763 1705 857 quod
1734 766 1966 837 nullus
2000 769 2145 836 eat?
2172 790 2261 835 an
2284 818 2307 855 ‚
2346 770 2533 861 quod

377 900 482 953 est
513 884 741 953 adhuc
775 882 1082 975 aliquia?
1117 881 1328 973 Atqui
1368 904 1503 949 nec
1538 905 1621 950 ex
1654 906 1737 950 eo
1770 898 1993 977 potest
2024 886 2089 952 ei
2120 899 2531 955 tormentum

376 1026 524 1070 eoae
547 1051 566 1085 ,
601 1000 785 1093 quod
811 1023 949 1068 non
978 1012 1082 1067 eat
1115 1024 1133 1065 t
1168 999 1322 1089 quis
1353 998 1539 1066 enim
1566 998 1823 1068 nullius
1850 1024 2087 1070 seusus
2112 1004 2266 1069 cat?
2290 1026 2421 1071 nec
2446 1026 2531 1072 ex

377 1142 507 1203 eo,
559 1116 746 1211 quod
779 1132 918 1201 θεῖς
963 1114 1207 1209 effugit
1245 1114 1431 1183 enim
1470 1116 1831 1185 maximum
1876 1120 2113 1186 mortis
2157 1120 2529 1188 incommo-

377 1234 577 1319 dum,
615 1260 755 1304 non
797 1256 968 1303 esse.
1018 1230 1200 1300 Illud
1239 1255 1513 1323 quoque
1548 1230 1849 1301 dieamus
1897 1235 1961 1301 ei
1980 1283 2004 1320 ,
2055 1236 2174 1326 qui
2206 1235 2414 1304 deflet
2448 1260 2529 1305 ac

377 1350 723 1421 desiderat
755 1352 830 1420 in
867 1363 1066 1419 aetate
1095 1348 1320 1442 prima
1362 1334 1631 1441 raptum
1670 1376 1687 1417 2
1718 1350 1973 1419 Omnes
1992 1400 2013 1435 ,
2070 1368 2399 1443 quantum
2438 1351 2530 1420 ad

373 1468 775 1537 brevitatem
803 1467 932 1534 aevi
955 1514 978 1548 ,
1011 1466 1070 1532 ai
1096 1466 1417 1533 universo
1451 1486 1838 1557 compares,
1882 1482 1954 1534 et
1986 1466 2276 1559 juvenes
2314 1485 2385 1537 et
2420 1492 2535 1537 ae·-

374 1608 498 1652 nea
519 1634 538 1666 ‚
573 1584 647 1651 in
673 1604 870 1675 oequo
899 1604 1155 1649 sumus.
1191 1579 1425 1647 Minus
1462 1581 1644 1648 enim
1682 1578 1772 1647 ad
1808 1603 1932 1649 nos
1976 1605 2058 1649 ex
2102 1586 2287 1652 omni
2332 1600 2540 1655 aetatc

373 1698 606 1780 venit,
644 1718 848 1788 quam
891 1692 1076 1784 quod
1113 1692 1470 1760 minimum
1508 1714 1655 1760 esse
1693 1694 1847 1784 quia
1887 1692 2170 1780 dixerit3
2205 1698 2545 1789 quoniam

376 1812 656 1904 quidem
687 1811 1040 1878 minimum
1063 1858 1084 1890 ‚
1120 1808 1349 1901 aliqua
1373 1830 1535 1901 pars
1562 1822 1704 1895 θεῖς
1748 1806 1883 1877 hoc
1908 1859 1927 1892 ,
1974 1809 2160 1901 quod
2182 1812 2487 1883 vivimus
2512 1868 2539 1901 ,

373 1929 756 2022 proximum
791 1924 1011 1994 nihilo
1053 1940 1156 1993 eat
1190 1950 1209 1992 ι
1242 1938 1312 1991 ct
1344 1940 1571 1993 tamen
1602 1921 1676 2021 (o
1704 1924 2115 1995 dementiam
2142 1944 2449 1999 nostram
2478 1930 2543 2021 Ξ)

373 2043 510 2111 late
538 2040 947 2135 disponitur.

481 2184 514 2221 ι»
547 2160 707 2226 Haec
757 2157 886 2226 tibi
935 2157 1212 2251 scripsi,
1255 2178 1395 2224 non
1437 2173 1758 2252 tanquam
1797 2174 2307 2256 exspectaturus
2342 2186 2547 2233 esses

373 2271 752 2343 remedium
784 2300 827 2343 a
859 2298 968 2344 me
1005 2291 1144 2344 tam
1181 2299 1409 2343 serum
1461 2301 1479 2342 z
1524 2276 1743 2368 liquet
1776 2278 2009 2347 enim²
2050 2279 2259 2360 mihi,
2304 2293 2373 2346 te
2422 2279 2543 2349 lo-

370 2405 603 2460 cutum
637 2407 860 2460 tecum
908 2390 1249 2484 quidquid
1286 2390 1590 2461 lecturus
1638 2417 1713 2462 es
1759 2419 1778 2461 t
1832 2393 1952 2464 sed
2000 2411 2078 2464 ut
2122 2395 2543 2488 castigarem

369 2505 556 2576 illam
601 2509 915 2602 exiguam
965 2532 1256 2594 moram,
1304 2531 1437 2599 qua
1485 2533 1527 2578 a
1570 2525 1637 2576 te
1684 2505 2096 2598 recessisti³‚
2142 2529 2215 2580 et
2252 2513 2329 2580 in
2354 2514 2541 2582 reli-

373 2648 581 2715 quum
628 2622 1033 2693 adhortarer
1057 2675 1077 2708 ‚
1129 2641 1369 2693 contra
1414 2625 1754 2694 fortunam
1804 2628 2077 2697 tolleres
2118 2630 2431 2715 animos,
2470 2649 2543 2701 et

373 2741 600 2806 omnia
639 2739 786 2832 ejus
826 2739 963 2808 tela
982 2789 1004 2823 ,
1047 2763 1187 2808 non
1225 2755 1548 2833 tanquam
1574 2758 1853 2836 possent
1889 2747 2170 2832 venire,
2216 2745 2339 2815 sed
2376 2763 2541 2817 tan—

373 2880 580 2948 quam
608 2858 848 2948 utique
884 2872 1109 2925 essent
1139 2873 1429 2928 ventura
1448 2909 1471 2946 ‚
1509 2861 1963 2954 prospiceres.
1997 2890 2031 2927 »
2065 2863 2260 2933 Vale.

443 3091 648 3147 1.M'ale
669 3111 782 3146 esse
797 3103 930 3146 recte
949 3113 1004 3145 a.
1027 3094 1099 3147 R.
1115 3092 1331 3147 Malum
1349 3114 1395 3147 e.
1492 3107 1607 3150 tum
1632 3115 1650 3152 .·
1676 3097 1747 3152 Je
1768 3119 1853 3152 me
1885 3101 2124 3153 senciens
2148 3103 2437 3154 d’m'lleurs
2466 3105 2539 3156 de

372 3171 444 3221 A.
465 3169 638 3243 Vulgo
665 3174 814 3224 mala
832 3191 960 3224 esse.
983 3171 1149 3228 Schw.
1490 3195 1625 3227 vous
1648 3179 1797 3228 avoir
1816 3178 1937 3246 de'jc)
1958 3188 2223 3232 emretenu
2246 3183 2315 3234 de
2340 3191 2455 3234 tout
2478 3201 2538 3236 α

442 3266 488 3298 2.
507 3246 699 3318 Liquet
719 3253 859 3301 enim
887 3249 1024 3302 mihi
1043 3261 1092 3302 te
1112 3251 1393 3312 locutum...
1490 3270 1589 3319 que
1610 3271 1741 3304 vous
1753 3270 1797 3322 y
1818 3255 1966 3306 Iirez.

374 3327 600 3378 lecturus
613 3326 862 3380 caven-tit
879 3327 1158 3398 ιαμ-ουρ
1179 3328 1394 3402 perinde
1556 3329 1605 3383 3.
1639 3333 1694 3382 Α
1721 3341 1771 3384 te
1793 3335 2062 3387 recessisti.
2088 3333 2235 3386 lntel.
2260 3335 2335 3387 'l'e
2356 3335 2535 3406 ipsum

375 3421 432 3456 nc
453 3401 496 3454 si
515 3401 767 3458 habuisset
787 3405 842 3458 in
871 3417 1103 3460 contextu
1137 3425 1220 3461 me
1243 3408 1393 3462 Iocu—
1492 3407 1679 3461 oblitus
1706 3427 1772 3462 es.
