2667 4475
835 277 1373 350 EPISTOLA
1420 278 1633 347 XCI.
2215 288 2289 350 51

159 416 450 496 esus-iae,
487 430 554 481 et
575 434 886 483 senescau
909 462 928 493 ,
969 414 1024 479 si
1055 401 1180 481 tibi
1217 411 1487 507 longior
1512 419 1527 449 ¹
1566 416 1931 507 contigerit
1958 417 2143 484 inter
2172 414 2299 483 ho-

161 533 370 599 mines
408 552 636 613 mora,
681 543 751 597 et
781 544 1106 621 aegrotes,
1145 544 1216 597 et
1263 528 1511 623 perdas
1558 527 1821 621 aliquid
1840 581 1859 613 ‚
1916 546 1986 600 et
2028 554 2295 624 pereas.

158 646 303 713 Non
336 660 444 713 eet
471 660 699 711 tamen
729 641 914 735 quod
949 642 1094 711 istis
1116 693 1133 725 ‚
1176 644 1298 734 qui
1331 658 1399 713 te
1434 644 2008 739 circumstrepunt
2034 650 2061 681 ²
2079 695 2102 730 ,
2144 670 2300 715 cre-

163 760 312 849 das;
345 762 532 831 nihil
563 762 808 831 horum
836 759 1088 829 malum
1118 776 1254 843 est,
1289 760 1467 831 nihil
1506 760 1975 849 intolerabile,
2012 780 2133 831 aut
2167 762 2301 833 du·-

163 903 332 947 rum.
383 883 490 951 Ex
541 902 878 949 consensu
925 879 1072 947 istis
1109 894 1329 947 metus
1376 894 1479 947 est
1526 904 1542 947 ε
1584 879 1682 947 sic
1724 894 2007 949 mortem
2059 882 2296 967 times,
2360 896 2419 951 ¹9

161 996 498 1087 quomodo
523 996 796 1069 famam.
823 995 1016 1088 Quid
1053 1010 1276 1063 autem
1308 994 1577 1063 stultius
1616 996 1891 1065 homine
1917 996 2125 1066 verba
2149 1021 2306 1065 me-

163 1128 388 1179 tuente
406 1114 442 1179 i>
474 1113 843 1207 Eleganter
873 1114 1260 1181 Demetrius
1287 1105 1310 1147 ³
1346 1126 1579 1181 noster
1618 1113 1789 1182 solet
1820 1113 2082 1196 dicere,
2126 1140 2159 1179 «
2191 1138 2307 1181 eo-

163 1229 306 1297 dem
333 1230 488 1297 loco
518 1230 652 1298 sibi
691 1253 836 1298 esse
859 1252 1060 1297 voces
1093 1230 1565 1322 imperitorum
1584 1279 1603 1312 ‚
1645 1253 1781 1321 quo
1819 1246 2055 1299 ventre
2080 1230 2308 1300 reddi-

165 1360 260 1411 tos
287 1344 621 1437 crepitus.
657 1343 850 1435 Quid
873 1344 1058 1411 enim
1081 1394 1098 1425 ,
1131 1344 1395 1436 inquit,
1436 1368 1587 1413 mea
1622 1345 1865 1428 refert,
1900 1369 2167 1415 sursum
2194 1348 2307 1416 isti

161 1485 244 1531 an
280 1461 598 1529 deorsum
633 1462 968 1529 sonenss‘»
991 1460 1384 1552 —Quanta
1415 1456 1757 1531 dementia
1783 1478 1922 1543 est,
1957 1466 2184 1531 vereri
2219 1488 2307 1531 ne

160 1577 506 1646 infameris
532 1578 621 1645 ab
649 1578 1019 1646 infamibus
1037 1579 1069 1645 Ρ
1098 1575 1695 1670 Quemadmodum
1724 1578 1967 1646 famam
2000 1580 2311 1647 extimui-

161 1697 272 1763 stis
309 1697 458 1763 sine
493 1718 732 1778 causa,
767 1696 866 1764 sic
897 1710 968 1763 et
996 1694 1144 1779 illa,
1184 1719 1336 1787 quae
1373 1719 1723 1787 nunquam
1760 1697 2089 1765 timeretis
2110 1747 2130 1781 ‚
2172 1699 2309 1768 nisi

162 1810 327 1879 fama
371 1812 712 1905 jussisset.
751 1814 930 1881 Num
979 1809 1152 1906 quid
1200 1810 1591 1879 detrimenti
1648 1811 1903 1880 faceret
1932 1814 2043 1882 vir
2089 1812 2309 1889 bonus
2359 1830 2425 1872 20

161 1929 410 2020 iniquis
433 1927 839 2025 'rumoribus
877 1928 1202 2025 sparsus?
1231 1930 1334 1995 Ne
1366 1928 1567 1996 morti
1600 1927 1881 2019 quidem
1916 1923 2093 1998 hoc⁴
2124 1930 2308 2023 apud

161 2068 278 2112 nos
317 2060 560 2113 noceat

159 2309 257 2362 ficit
279 2308 454 2362 orbis»
477 2321 570 2362 etc.
595 2307 774 2360 Caso.
800 2307 1090 2381 Schulting.
1115 2308 1182 2360 ad

161 2389 233 2440 Μ.
259 2387 468 2441 Senecae
492 2387 699 2439 Suasor.
725 2405 768 2438 ι.
790 2385 969 2438 Ruhk.

228 2487 266 2520 ι.
283 2465 345 2518 Si
362 2467 460 2518 tibi
475 2467 694 2534 longior.
715 2465 871 2516 Recte
889 2482 984 2516 ms.
1005 2483 1058 2516 a.
1077 2463 1182 2518 Alii

163 2546 311 2620 vulgo
332 2553 408 2609 et,
433 2547 487 2596 si
507 2544 608 2596 eibi
627 2555 722 2595 etc.
745 2542 910 2596 Schw.

223 2646 266 2676 α.
296 2623 411 2694 Qui
439 2632 489 2674 te
519 2623 959 2689 circumstrepunt.
981 2619 1180 2692 Perpe—

161 2723 260 2754 ram
281 2721 399 2774 quoe
423 2711 478 2754 te
500 2705 924 2766 circumstrepunt
943 2700 1024 2752 ed.
1045 2698 1180 2772 Lips.

162 2793 206 2831 et
225 2799 358 2850 seqq.
381 2777 564 2830 invitis
581 2775 766 2828 msstis.
787 2775 949 2828 Schw.

221 2856 266 2908 3.
293 2856 610 2909 Demehim.
635 2853 718 2906 De
738 2853 1005 2906 Demetrio
1035 2854 1182 2922 cyni-

160 2955 245 3000 co,
271 2935 442 2988 amico
469 2933 708 2998 Seneca,
733 2934 798 2984 cf.
830 2932 895 2984 ad
927 2931 1034 2994 111,
1061 2932 1093 2984 3
1117 2931 1182 2984 de

159 3011 504 3065 Providentia.
529 3010 785 3064 Catenm
815 3008 982 3062 simile
1023 3009 1181 3062 facete

161 3089 350 3144 dietum
369 3088 570 3144 Buduxi
586 3128 600 3155 ,
626 3087 812 3160 Angli,
835 3086 1048 3141 auctoris
1072 3106 1181 3140 car·

159 3168 308 3222 minis
343 3167 477 3240 epici
508 3164 794 3234 Hudibras,
819 3164 1050 3238 ejusdem
1074 3166 1180 3218 fere

159 3249 446 3322 argumenti
469 3259 648 3301 notum
674 3259 762 3300 est.
782 3246 962 3300 Ruhk.

219 3331 269 3394 4.
291 3328 380 3381 Ne
403 3329 568 3380 morti
589 3327 803 3395 quidem
827 3328 967 3377 boc...
987 3332 1180 3380 noceat.

158 3407 290 3472 noc,
304 3407 500 3462 scilicet
518 3405 682 3476 iniqui
703 3423 928 3456 rumores
943 3423 1008 3455 ne
1029 3402 1182 3456 morti

160 3486 366 3555 quidem
391 3496 611 3536 noceant
642 3501 654 3534 ε
687 3501 753 3534 ne
777 3501 1074 3534 moveamur
1097 3501 1182 3533 ca-

159 3563 365 3616 lumniis
387 3561 658 3614 hominum
691 3561 755 3613 de
781 3560 883 3613 illa.

223 3644 270 3694 5.
295 3640 515 3693 Malam
534 3640 860 3692 auditionem
877 3637 1045 3692 habet.
1062 3639 1184 3691 Vul-

161 3740 223 3792 go
256 3721 467 3772 malam
505 3720 845 3778 maimonem,
886 3717 1026 3790 qnod
1053 3715 1182 3768 nul—

617 2070 633 2111 :
683 2060 752 2112 et
803 2044 954 2113 haec
988 2044 1231 2113 malam
1279 2043 1701 2113 auditionem
1749 2044 1960 2115 habet
1986 2038 2039 2115 ⁵.
2093 2040 2307 2116 Nemo

1278 2312 1395 2361 Iam
1424 2311 1715 2371 olitionem,
1746 2308 1886 2378 quod
1918 2329 2012 2362 ms.
2038 2331 2091 2364 a.
2121 2309 2302 2377 dabat,

1280 2404 1569 2458 persuasum
1592 2386 1750 2438 habui
1764 2384 1920 2439 latere
1938 2385 1991 2440 id
2008 2390 2147 2458 quod
2163 2391 2301 2458 dedi,

1279 2465 1487 2515 malam
1506 2466 1829 2516 auditionem
1848 2465 2027 2531 habet,
2050 2466 2085 2518 i.
2110 2486 2151 2520 e.
2172 2468 2304 2522 male

1282 2539 1441 2602 audit,
1462 2538 1649 2591 malam
1668 2541 1857 2592 famam
1876 2541 2041 2598 habet.
2057 2541 2305 2598 S.—Mo-

1278 2621 1509 2671 litionem
1532 2619 1606 2672 sic
1628 2619 1857 2673 desendit
1896 2620 2065 2674 Ruhk.
2096 2645 2123 2670 κ
2150 2623 2307 2678 Hanc.

1279 2697 1540 2768 antiquam
1582 2697 1854 2750 lectionem
1889 2699 2073 2764 fuisse,
2118 2701 2303 2756 docent

1279 2775 1427 2830 codd.
1469 2795 1615 2841 mss-3
1654 2795 1829 2830 veram
1874 2797 1977 2832 esse
1994 2820 2009 2846 ‚
2052 2796 2302 2836 monstrat

1277 2875 1432 2908 nexus
1454 2855 1599 2910 :noli
1620 2857 1825 2910 credere
1860 2876 1955 2911 nec
1986 2859 2180 2929 iniquis
2212 2883 2299 2914 ru-

1276 2934 1505 2988 moribus
1526 2947 1673 3006 atque
1699 2937 1761 2989 iis
1787 2937 2029 3013 deprimi,
2056 2959 2151 2994 nec
2177 2944 2300 3015 angi

1277 3015 1373 3078 iis,
1410 3033 1526 3086 que
1562 3017 1627 3072 de
1666 3031 1829 3071 morte
1870 3033 2153 3076 narrantur.
2192 3023 2301 3077 Nec

1275 3099 1481 3148 morti...
1506 3095 1665 3149 babet
1692 3116 1711 3150 .·
1732 3097 1767 3149 i.
1793 3117 1835 3150 e.
1872 3119 1969 3152 nec
2000 3101 2155 3152 morti
2186 3102 2299 3154 boec

1275 3174 1412 3226 fam
1444 3173 1507 3226 de
1539 3193 1599 3227 ea
1632 3175 1849 3244 speciem
1881 3176 2177 3232 horribilem
2200 3181 2299 3232 cir-

1275 3249 1482 3303 cumdet
1504 3268 1517 3303 2
1536 3251 1733 3306 uti-illa
1766 3256 1902 3308 fama
1928 3256 1985 3308 in
2017 3257 2156 3310 bono
2189 3260 2299 3311 viro

1275 3329 1590 3401 aspergendo
1612 3368 1627 3396 ,
1654 3331 1725 3384 ita
1748 3331 1807 3384 in
1832 3345 1994 3387 morte
2020 3339 2301 3394 accusanda

1276 3426 1509 3460 successu
1543 3408 1681 3462 bono
1723 3409 2020 3465 destituatur
2055 3432 2068 3466 :
2102 3417 2301 3466 molitio

1282 3483 1419 3536 enim
1451 3498 1523 3538 est
1544 3487 1880 3552 machinatio,
1911 3489 2029 3540 Nat.
2054 3489 2154 3557 Qu.
2185 3491 2297 3554 111,

1283 3560 1347 3613 30
1384 3561 1494 3613 init.
1518 3563 1653 3616 Hoec
1684 3567 1818 3618 fama
1848 3570 2057 3619 maiam
2096 3567 2130 3619 i.
2156 3568 2305 3620 mali-

1280 3657 1435 3710 gnam
1452 3679 1466 3704 ,
1494 3641 1641 3694 nobis
1666 3655 1905 3696 terrorem
1931 3644 2265 3698 incutientem
2284 3686 2299 3712 ,

1280 3721 1597 3772 molitionem
1617 3759 1631 3786 ,
1657 3721 1694 3772 i.
1714 3736 1949 3774 conatum
1972 3721 2139 3776 habet.
2172 3727 2303 3793 Quae

163 3797 206 3849 la
237 3795 598 3850 emendatione
625 3793 852 3867 indigere
884 3795 1186 3847 existimavit
1281 3797 1324 3849 si
1344 3818 1461 3850 vera
1481 3797 1607 3866 sint,
1632 3799 1885 3854 Gronovii
1907 3803 2260 3855 emendatione
2288 3824 2299 3853 :

163 3875 328 3928 Ruhk.
352 3877 494 3945 Ego,
526 3873 624 3926 nisi
651 3873 962 3946 probabilius
987 3872 1184 3944 aliquid
1285 3881 1493 3930 malam
1514 3881 1804 3946 opinionem
1828 3899 1933 3932 non
1953 3880 2256 3950 indigemus.
2277 3903 2303 3925 a·

163 3957 480 4021 occurrisset,
510 3955 836 4008 Gronovium
867 3955 1152 4026 probassem
1170 3993 1186 4020 ‚

161 4041 454 4102 opinionem
470 4035 827 4106 corrigentem.
847 4036 952 4088 Sed
965 4074 979 4102 ,
1005 4035 1056 4087 in
1077 4055 1190 4086 ma·

1289 3955 1422 4022 Quae
1460 3956 1802 4027 interpretatio
1830 3959 1934 4032 ipsa
1975 3978 2029 4010 re
2067 3977 2171 4008 non
2200 3957 2307 4008 mi·—

1291 4055 1386 4087 nus
1412 4034 1620 4088 obscura
1647 4035 1795 4088 nobis
1820 4037 2035 4088 videtur.
