2667 4475
422 345 553 432 462
1195 355 1330 414 Ex
1353 351 1772 423 CERPTA

292 518 305 527 -
420 472 781 568 ignoscito,
810 469 935 537 tibi
954 471 1085 564 ipsi
1102 473 1778 568 nunquam.'1'antum
1801 476 1890 542 ad
1910 479 2232 547 virtutem
2249 474 2558 570 adjicies,

419 603 747 683 quantum
764 609 846 655 ex
864 585 1208 680 voluptate
1222 586 1628 657 abstraxeris
1661 613 1676 654 τ
1707 590 1984 662 stultum
2013 610 2118 663 est
2133 619 2378 664 somno
2393 594 2564 664 dele·

420 706 616 786 mari,
636 718 705 774 et
717 704 909 795 qua'si
928 718 1210 772 mortem
1231 703 1479 772 moliri.
1497 706 1700 774 Bonis
1716 722 1942 792 nocet,
1963 711 2081 800 qui
2097 711 2298 778 malis
2317 713 2560 804 parcit.

414 828 619 896 Multi
638 851 847 919 quum
869 825 1019 894 aliis
1044 826 1460 895 maledicunt
1477 877 1496 909 ,
1529 828 1662 896 sibi
1686 830 1857 922 ipsis
1875 833 2248 902 convitium
2279 833 2555 902 facium.

414 945 605 1014 Nihil
635 945 899 1037 turpius
921 967 1123 1035 quam
1148 945 1267 1035 qui
1296 943 1536 1035 objicit
1561 944 1758 1015 alteri
1785 946 1916 1014 sibi
1947 946 2055 1039 obj
2065 947 2450 1018 iciendum.
2477 951 2560 1018 Ut

416 1061 766 1128 licentiosa
803 1061 1175 1153 mancipia,
1206 1060 1417 1128 animi
1453 1061 1740 1154 imperio
1763 1085 1926 1156 rege
1949 1111 1968 1144 ,
1997 1062 2310 1156 linguam
2335 1113 2358 1146 ,
2409 1063 2562 1131 libi-

418 1177 646 1246 dinem
663 1225 684 1264 ,
702 1193 1035 1258 ventrem,
1064 1177 1642 1270 cupiditatemque
1661 1180 2031 1273 comprime
2051 1208 2070 1264 3
2101 1182 2162 1248 si
2181 1204 2330 1249 non
2348 1197 2558 1275 potes,

418 1293 769 1389 paululum
798 1294 1089 1362 remitte.
1132 1293 1317 1384 Saepc
1359 1314 1444 1360 ea
1477 1317 1630 1384 quae
1671 1295 1896 1362 sanari
1944 1295 2210 1364 ratione
2253 1320 2404 1364 non
2455 1320 2564 1389 po-

420 1424 675 1493 terant,
722 1424 953 1477 sanata
984 1423 1141 1476 sunt
1183 1422 1512 1500 tempore.
1554 1406 1698 1499 Qui
1726 1425 2006 1502 propter
2033 1409 2356 1502 pecuniae
2391 1433 2566 1478 amo-

418 1551 561 1596 rem
591 1543 661 1594 et
686 1524 1049 1594 libidinum
1080 1524 1392 1605 moritur,
1423 1523 1721 1591 ostendit
1745 1547 1817 1592 se
1847 1548 2202 1616 nunquam
2231 1527 2348 1594 sui
2373 1551 2566 1594 musa

417 1646 685 1712 vixisse.
712 1644 977 1736 Turpia
994 1665 1083 1709 ne
1101 1640 1378 1723 dixeris,
1407 1639 1726 1733 paulatim
1755 1643 1934 1710 enim
1963 1641 2190 1735 pudor
2207 1666 2342 1733 per
2363 1643 2568 1712 verba

418 1756 805 1826 discutitur.
845 1758 959 1826 Sic
995 1756 1226 1823 habita
1244 1805 1262 1839 ,
1310 1771 1386 1824 ut
1421 1754 1648 1847 potius
1676 1754 1991 1824 laudetur
2015 1755 2340 1824 dominus
2367 1781 2568 1849 quam

418 1869 681 1940 domus.
722 1869 1333 1941 consuetudinaria
1369 1893 1476 1938 res
1513 1884 1614 1938 est
1647 1871 2076 1957 innocentia3
2115 1893 2262 1940 non
2289 1871 2568 1938 damna-

418 1988 513 2054 tio
533 2036 553 2068 ,
610 1986 727 2055 sed
776 2009 979 2055 oeusa
1028 1985 1374 2052 hominem
1414 1999 1700 2077 turpem.
1721 1985 1905 2054 facit.
1955 1987 2206 2057 Merito
2255 1985 2564 2056 damnari

418 2125 619 2194 poena
658 2116 763 2169 est
783 2149 801 2181 ‚
850 2098 1191 2168 damnatio
1236 2097 1572 2166 immerita
1611 2097 1992 2166 damnantis
2035 2113 2139 2166 est
2181 2099 2560 2168 calamitas.

412 2219 483 2288 Si
512 2217 777 2313 aliquid
802 2215 1203 2310 cogitaveris
1220 2264 1241 2297 ‚
1276 2213 1410 2283 cito
1439 2213 1794 2306 apparebit
1821 2216 2419 2286 conversantibus.
2451 2219 2564 2287 Vi-

416 2334 564 2404 deri
594 2337 697 2404 vis
722 2334 811 2404 ab
840 2330 1193 2417 omnibus3
1224 2353 1570 2420 nunquam
1601 2328 1794 2397 bonae
1820 2330 2193 2401 honestatis
2217 2333 2560 2401 simulatio

415 2450 619 2544 long-a
646 2466 770 2518 est.
800 2444 1009 2540 Quod
1050 2445 1136 2513 de
1174 2444 1416 2513 alienis
1454 2458 1732 2527 tractas,
1765 2468 1848 2512 ex
1876 2447 2006 2542 tuis
2025 2446 2324 2538 judices.
2359 2448 2556 2517 Multi

416 2585 577 2637 sunt
616 2564 1007 2659 obligandi,
1054 2563 1253 2656 pauci
1296 2560 1729 2645 offendendi3
1774 2586 1932 2631 nam
1973 2566 2302 2633 memoria
2345 2564 2560 2637 bene-

416 2686 727 2753 ficiorum
750 2680 968 2749 facilis
992 2694 1093 2747 est
1118 2678 1517 2771 injuriarum
1539 2692 1762 2746 tenax.
1784 2678 2264 2771 objurgationi
2289 2705 2556 2775 semper

414 2795 678 2890 aliquid
729 2793 977 2863 blande
1030 2792 1363 2874 admisce,
1408 2792 1674 2863 facilius
1715 2794 1896 2861 enim
1939 2810 2309 2886 penetrant
2347 2798 2552 2867 verba

416 2938 565 3008 quae
590 2912 777 2983 molli
810 2909 1066 2980 vadunt
1100 2910 1249 2991 via,
1294 2930 1496 2999 quam
1533 2930 1796 3000 aspera.
1841 2910 2055 2977 Nemo
2089 2912 2278 2979 enim
2305 2936 2384 2981 se
2409 2940 2554 2983 mu-

412 3044 545 3112 tat,
586 3027 703 3119 qui
732 3025 976 3111 mutari
1002 3046 1075 3091 se
1100 3021 1437 3115 desperet.
1469 3020 1754 3111 Quoties
1777 3021 2086 3091 scribens
2108 3023 2382 3116 aliquid
2407 3025 2550 3095 dic-

414 3164 607 3215 turus
648 3167 723 3212 es
741 3193 764 3229 ,
818 3143 985 3211 scito
1040 3152 1299 3208 morum
1332 3152 1602 3209 tuorum
1655 3154 1722 3207 te
1765 3138 2156 3208 hominibus
2193 3142 2554 3236 chirogra-

411 3260 629 3356 phum
652 3256 845 3327 dare.
882 3256 1024 3349 Qui
1058 3256 1131 3323 in
1164 3276 1393 3324 servos
1427 3254 1744 3323 irascitur
1777 3270 1847 3323 et
1878 3254 2175 3325 crudelis
2205 3272 2348 3343 est,
2393 3261 2550 3328 satis

414 3372 711 3443 ostendit
744 3383 1139 3464 potestatem
1180 3366 1506 3435 adversus
1541 3365 1801 3435 alienos
1849 3366 1983 3435 sibi
2033 3366 2361 3437 defuisse.
2407 3372 2548 3463 Qui

414 3491 631 3560 nescit
668 3504 891 3556 tacere
912 3536 931 3569 ,
974 3486 1188 3553 nescit
1221 3482 1434 3574 loqui.
1476 3482 1774 3552 Facilius
1797 3498 1900 3551 est
1925 3485 2212 3577 pauperi
2241 3504 2551 3555 contem-

414 3624 606 3703 ptum
634 3604 971 3696 effugere,
1006 3625 1207 3693 quam
1234 3599 1432 3667 diviti
1457 3598 1811 3667 invidiam.
1843 3602 2071 3668 Bonus
2095 3600 2350 3671 fruitur
2371 3602 2550 3671 bona

416 3722 855 3795 conscientia.
896 3717 1097 3787 Malis
1128 3714 1518 3786 hominibus
1551 3717 1958 3785 tutissimum
1985 3732 2090 3785 est
2115 3718 2248 3785 cito
2275 3719 2539 3813 fugere.

418 3839 622 3910 Nulla
655 3835 901 3932 pusilla
932 3834 1205 3917 domus,
1242 3858 1396 3925 quae
1427 3832 1670 3903 multos
1693 3834 1945 3904 amicos
1975 3834 2185 3927 capit.
2221 3834 2417 3921 Scire
2449 3838 2544 3903 uti

416 3968 853 4051 paupertate,
884 3950 1172 4021 maxima
1198 3949 1506 4019 felicitas.
1533 3948 1734 4019 Acuit
1752 3949 2040 4021 intentio
2057 3999 2082 4037 ,
2119 3949 2374 4044 frangit
2401 3952 2546 4019 ani-

421 4096 601 4141 mum
638 4070 965 4140 remissio.
1006 4070 1370 4159 Nunquam
1415 4067 1630 4137 scelus
1675 4065 1928 4137 scelere
1971 4066 2380 4139 vincendum
2417 4084 2538 4136 est.
