2667 4475
527 350 1012 425 PHYSIOL.
1063 350 1562 425 STOICOR.
1612 356 1806 425 LIB.
1854 356 1917 425 1.-
2153 361 2279 428 521

99 503 380 586 opificio
397 542 417 576 ‚
453 522 568 561 non
599 500 735 559 artis
766 518 937 579 opera
961 540 978 570 ‚
1010 496 1112 556 sed
1141 499 1389 559 materiae
1419 498 1651 559 affectus
1673 498 1779 582 (ut
1804 498 2055 561 scintillae
2088 520 2162 561 ex
2191 502 2294 565 in-

107 608 296 669 cude
327 607 656 669 exsilientes
673 647 690 680 ,
713 616 780 664 ut
805 602 982 687 fuligo
1005 624 1040 663 e
1070 602 1298 665 fornace
1315 650 1332 681 ,
1361 618 1418 666 et
1440 606 1596 667 alind
1615 628 1687 667 ex
1716 608 1825 667 alia
1848 606 2145 691 materia),
2168 630 2295 691 quae

115 714 478 776 necessario
509 711 797 772 adbaerent
822 732 1038 792 operae,
1069 732 1176 771 nec
1203 723 1396 773 tamen
1424 713 1653 773 artificis
1681 714 1970 795 proposito
2002 736 2019 773 ε
2043 714 2157 774 tale
2200 716 2297 775 ni-

119 821 366 881 mirum
397 820 462 878 in
491 817 582 877 his
609 839 734 899 quae
765 818 910 877 circa
939 828 1147 877 terram
1177 819 1449 877 eveniunt
1468 862 1485 893 ,
1528 840 1767 901 quaeqne
1794 810 2055 879 incursus
2090 817 2299 879 buma-

125 948 365 989 norum
381 926 662 987 malorum
679 944 965 985 vocamus.
1006 922 1077 983 In
1106 925 1313 1006 quibus
1342 926 1635 987 innoxiam
1668 940 1724 986 et
1752 926 2095 1008 inculpatam
2120 938 2299 986 artem

140 1031 514 1094 censendum
533 1074 550 1106 ,
586 1030 688 1091 sed
720 1051 843 1091 esse
869 1028 989 1089 haec
1013 1029 1262 1090 Fabricae
1290 1031 1461 1091 totius
1482 1030 1750 1092 Universi
1777 1032 1934 1092 velut
1957 1030 2303 1093 necessarias

140 1139 440 1221 quasdam
470 1150 528 1199 et
569 1148 977 1219 consequentes
1007 1148 1257 1195 naturas.
1291 1162 1320 1189 n
1354 1136 1491 1211 Quae
1542 1136 1617 1197 ad
1654 1136 1913 1198 Externa
1948 1140 2117 1199 etiam
2138 1184 2157 1215 ‚
2204 1150 2303 1199 aut

145 1242 229 1305 N
223 1245 484 1306 amlia
501 1244 651 1303 mala
678 1264 751 1304 ex
773 1230 964 1303 mente
986 1244 1108 1323 ejus
1129 1242 1304 1302 ducas
1343 1265 1359 1301 ι
1391 1244 1539 1302 sicut
1562 1256 1620 1303 et
1641 1242 1866 1304 Senecae
1886 1244 1994 1303 ista
2016 1268 2033 1303 ε
2064 1270 2092 1298 α
2116 1244 2307 1320 Quare

143 1349 532 1411 tamen-Deus
552 1342 668 1409 tam
688 1350 920 1429 iniquus
941 1350 1003 1407 in
1025 1348 1420 1409 distributione
1444 1349 1569 1408 Fati
1582 1346 1711 1423 fuit,
1737 1361 1803 1409 ut
1826 1349 1991 1409 bonis
2008 1350 2144 1408 viris
2168 1371 2306 1431 pau-

149 1468 443 1539 pertatem
463 1500 480 1531 ,
509 1456 748 1517 vulnera
769 1500 786 1530 ,
822 1467 880 1516 et
909 1456 1114 1515 acerba
1143 1454 1344 1515 funera
1372 1454 1721 1515 adscriberet
1738 1454 1767 1514 ἲ
1796 1454 1924 1514 Non
1956 1467 2141 1537 potest
2169 1456 2310 1515 arti-

151 1562 260 1623 fex
283 1574 506 1623 mutare
526 1562 820 1623 materiam
843 1585 858 1633 ;
879 1560 998 1620 haee
1020 1581 1187 1643 passa
1209 1574 1313 1622 est.
1343 1587 1371 1613 υ
1400 1558 1517 1642 (De
1539 1561 1767 1621 Provid.
1800 1584 1927 1643 cap.
1956 1559 2047 1643 5.)
2070 1561 2305 1643 Itaque,
2346 1572 2353 1577 '

154 1684 228 1730 ut
247 1670 412 1731 addit
431 1714 448 1745 ,
469 1670 741 1754 languida
762 1682 821 1730 et
838 1670 1045 1753 ignava
1057 1671 1286 1751 ingenia
1309 1696 1339 1723 κ
1360 1670 1635 1729 inertibus
1656 1682 1963 1730 nectuntur
1981 1670 2311 1740 elementis3

157 1790 230 1837 ut
255 1777 528 1837 efficiatur
561 1778 654 1837 vir
697 1798 830 1835 cnm
849 1796 986 1835 cura
1006 1774 1284 1835 dicendus
1300 1819 1318 1850 ‚
1342 1774 1573 1835 fortiore
1596 1774 1711 1835 fato
1739 1798 1883 1863 opus
1914 1788 2016 1835 est.
2054 1800 2085 1829 ι»
2112 1774 2314 1857 Neque

159 1884 369 1943 abnuit
385 1926 403 1957 ‚
434 1884 496 1941 in
522 1884 818 1964 principiis
842 1882 967 1941 Fati
998 1882 1215 1965 aliquid
1237 1904 1361 1943 esse
1382 1926 1398 1957 ,
1422 1881 1485 1942 id
1505 1895 1591 1942 est
1609 1927 1627 1958 ,
1654 1882 1714 1941 in
1736 1896 1940 1943 natura
1965 1884 2091 1964 ipsa
2116 1884 2317 1965 singu·-

159 1991 354 2051 larnm
380 2012 572 2051 rerum
602 1989 759 2072 quod
787 1988 898 2048 huc
933 2002 1030 2049 aut
1069 1990 1204 2049 illuc
1233 1988 1407 2049 ducat
1438 2012 1457 2047 τ
1490 1988 1595 2049 sed
1634 1989 1697 2047 in
1732 1990 1945 2049 malum
1966 2032 1983 2064 ,
2015 2012 2050 2049 a
2076 1990 2317 2050 Materie

165 2097 252 2157 sic
275 2098 492 2157 affecta.
520 2097 722 2181 Vetus,
743 2109 809 2157 ut
829 2095 987 2171 dixi,
1012 2095 1120 2157 boc
1152 2096 1359 2179 dogma
1381 2120 1399 2155 ι
1422 2108 1481 2156 ct
1503 2119 1577 2155 an
1598 2118 1714 2156 non
1746 2094 2075 2179 Pythagorae
2105 2095 2320 2157 etiam?

167 2204 332 2282 cujus
352 2201 495 2263 illud
511 2202 758 2264 traditur
783 2226 800 2262 ε
837 2229 864 2257 ιι
895 2200 1314 2285 Principiomm
1340 2202 1580 2262 alterum
1611 2224 1735 2262 esse
1754 2202 2043 2264 Unionem
2063 2245 2081 2276 ,
2104 2201 2169 2263 id
2190 2213 2277 2262 est
2295 2246 2314 2277 ‚

168 2310 362 2378 Deum
390 2323 448 2370 et
477 2309 701 2372 Bonum
726 2333 743 2368 ε
779 2308 1020 2374 alterum
1051 2309 1336 2368 infinitum
1363 2307 1663 2370 Binionem
1678 2351 1695 2381 ‚
1721 2307 1783 2367 id
1802 2320 1890 2369 est
1907 2350 1924 2381 ,
1948 2307 2282 2368 Daemonum
2300 2349 2318 2380 ,

172 2429 236 2476 et
261 2415 478 2476 Malum
501 2459 520 2490 ,
551 2417 702 2476 circa
732 2437 906 2497 quam
936 2414 1247 2474 Materialis
1267 2414 1591 2475 multitudo*
1604 2427 1707 2474 est.
1739 2440 1767 2468 n
1793 2411 2032 2496 (Euseb.
2056 2413 2147 2474 De
2174 2435 2321 2495 prae-

173 2546 300 2606 par.
333 2522 437 2584 lib.
469 2521 638 2585 XIV.
662 2522 688 2606 )
718 2523 834 2590 Sed
863 2536 921 2583 et
947 2523 1120 2605 prisci
1149 2523 1365 2603 aliquot
1392 2523 1453 2582 in
1482 2519 1738 2582 Ecclesia
1760 2533 1951 2582 nostra
1972 2565 1990 2595 ,
2013 2521 2137 2592 sive
2162 2533 2325 2581 extra

176 2651 334 2704 eam,
366 2641 670 2692 tenuerunt
691 2653 708 2700 ;
730 2643 796 2690 ut
815 2629 1210 2712 Hermogenes
1227 2673 1244 2702 ,
1269 2629 1620 2689 Tertulliano
1648 2641 2007 2710 oppugnatus
2037 2651 2055 2691 ε,
2088 2629 2189 2710 qui
2217 2626 2328 2710 (ιιι

176 2735 346 2816 hujus
389 2737 563 2796 verba
607 2748 740 2796 sunt
761 2779 778 2810 ,
836 2758 964 2818 cap.
1026 2757 1096 2794 ιο
1146 2747 1204 2795 et
1252 2733 1429 2817 alibi)
1466 2761 1493 2786 κ
1528 2735 1831 2800 Materiam
1877 2747 2147 2795 aeternam
2194 2755 2326 2794 cum

183 2841 448 2910 Creatore
477 2841 836 2924 proponebat
851 2885 869 2916 ‚
901 2853 969 2900 ut
993 2840 1219 2900 Malum
1249 2863 1283 2900 a
1311 2839 1557 2900 Materia
1572 2884 1591 2915 ‚
1622 2862 1741 2900 non
1772 2862 1807 2900 a
1837 2840 2105 2901 Creatore
2134 2839 2329 2900 dedu-

181 2961 354 3016 ceret,
387 2974 415 3002 ι»
439 2947 807 3032 oppugnavit
829 2961 886 3008 et
903 2947 1194 3008 Maximus
1209 2947 1404 3008 libello
1420 2991 1437 3022 ,
1461 2960 1527 3008 ut
1544 2947 1802 3029 apparet,
1820 2946 1987 3006 docto
2009 2959 2067 3012 et
2084 2958 2284 3030 arguto
2305 2969 2323 3006 ε

185 3053 342 3132 cujus
382 3075 590 3136 magna
635 3055 844 3114 lacinia
893 3051 1226 3124 Eusebianae
1273 3054 1416 3114 vesti
1447 3051 1807 3137 (stromat.)
1854 3065 1941 3114 est
1978 3053 2191 3113 inserta
2222 3074 2239 3110 ε
2273 3063 2331 3112 et

188 3160 358 3242 digna
403 3161 608 3222 videri.
666 3161 875 3244 Tangit
915 3159 1064 3220 hanc
1114 3161 1455 3220 sententiam
1490 3173 1549 3219 et
1574 3161 1860 3221 Arnobius
1886 3158 2003 3243 (De
2025 3158 2324 3240 Praeparat.

189 3264 400 3351 Evang.
438 3268 540 3328 lib.
575 3248 697 3328 VH
726 3312 743 3343 ,
793 3290 922 3350 cap.
963 3269 1067 3328 ult.
1089 3265 1148 3348 ),
1193 3265 1449 3328 eruditus
1482 3267 1579 3333 ille
1614 3265 1751 3327 Aser
1787 3291 1803 3338 ;
1833 3266 1937 3326 sed
1965 3287 2169 3348 parum
2204 3265 2331 3326 for-

194 3375 318 3434 titer
337 3376 521 3455 rejicit
543 3419 560 3450 ‚
587 3376 762 3435 immo
781 3376 1015 3457 propior
1037 3374 1265 3435 videtur
1285 3373 1620 3444 adhaeream
1647 3373 1855 3437 Scribit
1879 3373 2016 3433 alibi
2040 3373 2185 3455 (lib.
2212 3371 2286 3456 Ῑ)
2308 3397 2328 3433 ε

200 3508 230 3534 ιι
258 3481 402 3555 Quid
431 3483 479 3540 si
505 3482 690 3562 prima
721 3481 988 3543 Materies
1015 3526 1032 3557 ,
1079 3504 1202 3564 quae
1231 3483 1294 3541 in
1323 3494 1565 3564 quatuor
1592 3501 1785 3540 rerum
1813 3480 2091 3541 elementa
2118 3479 2335 3562 digesta

195 3601 280 3650 est
297 3631 312 3662 ,
338 3589 690 3648 miseriarum
720 3611 917 3650 causas
951 3590 1068 3649 suis
1093 3591 1346 3650 continet
1375 3589 1782 3649 irritationibus
1811 3587 2089 3649 involutas
2109 3585 2135 3646 ἓ
2155 3613 2183 3640 »ι
2209 3585 2336 3667 (Ita
2380 3624 2389 3632 ·

196 3696 342 3754 enim
371 3696 558 3778 prisca
587 3694 756 3755 lectio
779 3739 796 3770 ,
822 3695 1214 3758 antehabenda
1239 3696 1403 3757 editae
1423 3739 1441 3770 ‚
1474 3696 1533 3756 in
1558 3695 1923 3760 mtatabmzus
1942 3716 1970 3767 ,·
1988 3694 2125 3776 quia
2153 3691 2335 3773 signi-

201 3803 324 3862 ficat
348 3848 365 3876 ‚
401 3803 618 3886 aliquid
650 3804 710 3864 in
741 3825 809 3864 ea
840 3825 964 3863 esse
991 3805 1273 3868 occultum
1295 3848 1312 3878 ‚
1364 3805 1517 3888 quod
1546 3804 1697 3864 mala
1726 3814 1997 3885 provocet
2036 3813 2095 3860 et
2126 3798 2325 3858 irritet.

203 3910 390 3992 Siquid
409 3924 602 3972 tamen
625 3912 959 3973 mutandum
979 3955 995 3984 ‚
1024 3913 1083 3978 in
1101 3913 1408 3974 rationibus
1426 3913 1606 3994 magis
1630 3908 1887 3991 vellem.)
1906 3908 2033 3968 Hoc
2054 3906 2155 3978 ibi,
2179 3903 2335 3964 velut

203 4019 497 4077 assentiens
529 4043 544 4090 ;
579 4019 679 4079 sed
705 4020 836 4079 alibi
871 4020 1087 4100 spernit
1111 4062 1127 4092 ,
1162 4031 1218 4078 et
1242 4020 1539 4100 impugnat
1562 4015 1725 4098 (Lib.
1761 4015 1820 4073 II
1845 4012 1889 4095 ).
1931 4041 1957 4066 u
1985 4011 2137 4072 Mala
2158 4031 2292 4092 ergo
2313 4054 2329 4084 ,

206 4123 376 4187 dicitis
396 4168 412 4198 ,
447 4125 603 4185 unde
635 4123 752 4185 haeo
797 4125 1034 4186 omnia?
1065 4123 1157 4186 Ex
1205 4125 1495 4184 elementis
1522 4168 1539 4196 ,
1591 4123 1857 4202 inquiunt
1884 4163 1899 4194 ,
1950 4130 2004 4177 et
2035 4139 2106 4178 ex
2138 4137 2333 4176 eorum
