2667 4475
482 298 971 370 PHYSIOL.
1022 297 1522 369 s‘rolcon.
1576 302 1771 369 Lm.
1822 302 1879 369 1.
1985 381 1995 397 .
2112 307 2263 397 519.
2320 355 2333 373 ,

75 468 244 506 cus
283 444 513 527 ingruit
527 487 545 517 ‚
589 444 918 503 inoffensius
959 444 1419 527 tractabiliusque
1448 446 1784 507 tramittunt.
1821 445 1925 507 Sin
1952 465 2089 505 vero
2118 460 2263 506 sunt«

75 578 143 637 ·.p
151 574 292 611 era
311 594 332 625 ‚
365 562 430 612 et
453 551 654 610 inscita
673 594 690 623 ,
717 563 779 609 et
805 548 970 609 rudia
993 592 1010 623 ,
1041 549 1326 632 nullisque
1352 552 1559 613 artium
1587 551 1867 615 bonerum
1888 550 2251 613 adminiculis
2291 544 2308 557 “

75 662 212 719 [lta
239 681 266 729 ς
300 658 533 717 etiamsi
575 678 752 739 parvo
771 700 789 731 ‚
835 658 956 717 sive
995 657 1152 717 nullo
1168 700 1186 731 ,
1221 657 1432 719 Fatalis
1461 657 1807 719 incommodi
1841 657 2111 719 conflictu
2138 680 2250 719 ur-

75 778 356 839 eantur‚
393 786 500 825 sua
523 776 717 825 tamen
744 764 991 825 saevitate
1033 776 1090 826 et
1124 764 1442 826 voluntario
1464 765 1685 846 impetu
1704 764 1765 825 in
1787 763 2017 826 assidua
2040 764 2249 825 delicta

75 890 92 934 t
121 893 400 934 errores
421 884 614 933 ruunt.
645 870 830 954 quue
853 871 1040 953 ipsum
1060 913 1077 945 ,
1112 882 1178 929 ut
1208 892 1276 931 ea
1302 873 1521 931 ratione
1549 872 1647 931 fiat
1668 914 1685 944 ,
1722 872 1997 939 naturalis
2026 872 2156 947 illa,
2192 884 2251 933 et

75 979 416 1041 ecessaria
434 1023 453 1054 ‚
501 998 694 1043 rerum
742 977 1146 1061 consequentia
1187 977 1395 1051 efficit,
1441 999 1567 1059 quae
1600 977 1806 1039 Fatum
1846 991 2100 1039 vocatur.
2142 976 2261 1037 Est-

75 1087 230 1145 nim
271 1105 492 1166 genere
523 1085 648 1167 ipso
680 1082 844 1165 quasi
871 1081 1041 1143 fatale
1069 1094 1128 1143 et
1155 1104 1508 1166 consequens
1531 1127 1548 1158 ,
1584 1097 1649 1143 ut
1676 1085 1826 1145 mala
1854 1086 2084 1167 ingenia
2106 1106 2248 1169 pec-
2358 1076 2365 1083 ’

75 1193 211 1253 atis
257 1202 326 1251 et
357 1191 645 1254 erroribus
677 1212 792 1251 non
829 1202 1050 1251 vacent.
1079 1217 1106 1244 υ
1140 1190 1433 1273 Additque
1460 1192 1649 1272 ipsum
1688 1191 1833 1252 illud
1876 1192 2205 1275 exemplum
2227 1194 2254 1267 ,‘

75 1297 580 1381 ive-imaginem,
612 1297 686 1359 de
715 1297 994 1379 cylindro.
1027 1296 1163 1358 Haec
1192 1298 1240 1357 si
1268 1298 1417 1377 bene
1441 1298 1769 1383 examinas,
1807 1298 2026 1381 signate
2051 1299 2123 1358 ab
2146 1298 2247 1359 illo

79 1420 107 1467 t
143 1412 392 1490 ἐνεργῶς
417 1384 630 1487 scri'pta
657 1428 674 1463 ε
703 1404 810 1465 hoc
835 1404 1068 1488 colligas
1090 1404 1477 1488 Chrysippum
1500 1402 1705 1465 Fatum
1738 1405 1801 1465 in
1832 1406 2017 1465 causis
2046 1406 2267 1487 primis.

75 1513 434 1571 onstituere
451 1554 468 1585 ,
499 1522 567 1571 ut
593 1511 696 1592 qui
739 1510 866 1571 talis
895 1522 953 1569 et
984 1510 1112 1571 talis
1141 1532 1176 1569 a
1206 1524 1411 1572 natura
1448 1524 1506 1571 et
1531 1511 1765 1592 ingenio
1809 1531 1913 1569 suo
1952 1522 2041 1571 est
2054 1554 2072 1584 ,
2112 1512 2247 1571 talia

75 1620 250 1677 neiat
281 1617 650 1699 excipiatque
675 1640 692 1675 ε
715 1617 819 1699 qui
844 1616 989 1677 alius
1006 1659 1024 1689 ‚
1051 1616 1182 1675 alia.
1211 1614 1323 1677 Sed
1355 1617 1541 1703 ipsum
1568 1616 1713 1677 illud
1730 1617 1812 1677 sic
1833 1614 2022 1677 faeere
2040 1657 2059 1690 ‚
2084 1640 2119 1677 a
2139 1639 2246 1678 vo-

75 1735 304 1785 untate
343 1723 417 1781 sit
431 1765 451 1796 ,
495 1744 670 1803 quam
692 1735 884 1786 maen
912 1722 1134 1783 bonitas
1163 1735 1262 1781 aut
1287 1723 1505 1783 saevitas
1534 1734 1749 1783 natm-ae
1775 1721 1889 1783 huc
1915 1722 2051 1785 illue
2077 1724 2247 1783 incli—

76 1841 185 1889 nat.
223 1829 322 1889 Ut
335 1822 568 1911 'lignum
611 1829 756 1891 illud
795 1829 1112 1913 rotundum
1127 1874 1146 1903 ‚
1195 1830 1316 1889 sive
1356 1830 1564 1889 turben
1582 1872 1599 1903 ‚
1634 1831 1697 1889 in
1734 1851 1981 1911 pronum
2024 1830 2247 1891 labatur

75 1949 287 2018 ,uopte
309 1937 576 2017 ingenim
603 1936 890 2017 quadrum
909 1958 1028 1997 non
1052 1938 1190 1999 item
1208 1979 1225 2010 ‚
1249 1949 1316 1999 et,
1329 1938 1572 1997 resistat.
1604 1935 1680 1996 Et
1701 1914 1951 2002 addebat
1971 1939 2241 2019 amplius,

75 2064 188 2101 ion
243 2041 462 2102 debere
509 2068 538 2095 σι
566 2041 706 2103 ferri
751 2042 1054 2125 audirique
1085 2042 1347 2104 homines
1380 2056 1477 2103 aut
1508 2065 1759 2125 nequam
1778 2088 1796 2119 ,
1837 2056 1934 2103 aut
1964 2045 2200 2127 ignavos
2222 2088 2249 2123 ,¹

75 2160 124 2207 et
163 2159 452 2209 nocentes
474 2191 492 2221 ‚
544 2160 602 2207 et
635 2147 880 2212 audaces
908 2172 924 2220 3
966 2150 1066 2231 qui
1113 2170 1294 2229 quum
1339 2150 1401 2209 in
1444 2149 1611 2231 culpa
1645 2162 1705 2209 et
1730 2150 2011 2209 maleficio
2030 2130 2253 2211 revicti.

75 2268 210 2318 sunt
233 2299 254 2330 ‚
307 2253 644 2339 perfugiunt
683 2255 760 2314 ad
791 2253 917 2315 Fati
951 2257 1351 2316 necessitatem
1373 2298 1390 2328 ,
1434 2268 1707 2340 tanquam
1747 2257 1809 2316 in
1840 2255 2073 2336 aliquod
2100 2277 2244 2336 asy-

75 2363 196 2420 lum
229 2384 250 2420 ε
283 2374 345 2422 et
371 2383 495 2442 quae
519 2362 768 2444 pessime
795 2360 1058 2422 fecerunt
1073 2405 1091 2434 ,
1140 2383 1208 2421 ea
1239 2381 1359 2420 non
1398 2381 1511 2420 suae
1554 2361 1859 2424 temeritati
1881 2402 1899 2432 ,
1948 2358 2053 2419 sed
2096 2360 2237 2419 Fato

75 2468 442 2530 attribuenda
474 2489 598 2528 esse
629 2468 847 2529 dieunt.
881 2493 910 2522 u
946 2465 1086 2527 Haec
1119 2488 1195 2526 ex
1225 2466 1324 2526 illo
1365 2489 1381 2522 =
1428 2467 1617 2548 ipsum
1635 2509 1653 2540 ‚
1685 2466 1769 2526 uti
1804 2465 1926 2554 diiti
1961 2478 2019 2526 et
2046 2468 2191 2526 itero
2215 2510 2232 2540 ,

75 2576 304 2636 utinam
342 2576 546 2658 legisse
581 2574 667 2636 fas
711 2574 879 2636 nobis
917 2570 1028 2635 sit!
1065 2573 1180 2636 Sed
1209 2571 1327 2632 haec
1356 2593 1474 2631 non
1508 2572 1619 2632 alio
1647 2570 1814 2654 (mihi
1847 2571 2108 2658 quidem)
2134 2575 2235 2634 vi-

75 2680 290 2742 dentur
319 2683 404 2742 ire
425 2706 444 2741 a
467 2703 640 2764 quam
663 2703 768 2762 per
787 2679 1081 2742 Naturam
1103 2723 1120 2753 ,
1153 2681 1274 2740 sive
1298 2679 1485 2740 Deum
1506 2678 1675 2761 (quae
1696 2680 1883 2760 prima
1915 2703 2086 2741 causa
2107 2679 2235 2762 est)

77 2787 342 2852 homines
371 2789 510 2862 alios
552 2789 716 2849 aliter
755 2788 932 2858 factos
950 2831 968 2863 ,
999 2786 1246 2868 ideoque
1292 2785 1370 2847 ad
1414 2786 1565 2846 bona
1583 2784 1593 2792 ’
1608 2800 1707 2848 aut
1732 2788 1883 2850 mala
1914 2789 2230 2859 inclinare;

77 2896 180 2955 sed
199 2879 394 2959 tuden
421 2917 620 2956 causas
642 2897 766 2956 illas
796 2897 1009 2978 primas
1039 2907 1096 2952 et
1127 2894 1323 2954 insitas
1351 2895 1659 2974 temperari
1680 2937 1697 2967 ,
1726 2906 1825 2954 aut
1859 2893 2010 2954 flecti
2030 2895 2233 2954 leviter

84 3024 116 3060 a
141 3001 196 3061 V
193 3005 442 3064 obantate
467 3023 633 3085 posse
651 3046 670 3076 ‚
699 3024 825 3084 quae
840 3003 993 3076 inter
1011 3001 1302 3082 proximas
1324 3002 1701 3082 juvantesque
1731 3013 2011 3060 censetur.
2036 3000 2231 3076 Quum

85 3129 216 3190 ergo
259 3105 634 3182 inclinamus3
681 3123 780 3172 aut
813 3109 1121 3192 ‘pxaemium
1153 3108 1318 3168 nobis
1342 3109 1470 3188 jure
1499 3129 1621 3168 esse
1642 3151 1659 3182 ,
1703 3109 1753 3170 si
1790 3107 1865 3171 ad
1902 3105 2095 3195 Bon&
2132 3121 2241 3168 aut·

89 3237 314 3294 poenam
331 3261 348 3291 ,
377 3219 426 3278 si
465 3217 541 3277 ad
568 3216 746 3278 Mala.
793 3217 1066 3283 Manilius
1093 3214 1182 3273 his
1211 3215 1494 3296 interpres
1516 3260 1534 3289 ,
1569 3227 1666 3274 aut
1694 3227 1955 3277 assertor.
1983 3213 2244 3292 Omnia‚.

94 3321 276 3404 hquit
301 3323 451 3406 (Lib.
486 3323 600 3406 IV)
620 3367 638 3400 ,
675 3323 817 3388 Fato
845 3324 1118 3390 eveniunt
1143 3346 1160 3380 z

1745 3441 1771 3472 x

405 3528 505 3576 Nec
522 3531 686 3576 tamen
699 3525 803 3590 hzec
819 3526 944 3576 ratio
962 3524 1150 3576 facinus
1171 3522 1428 3573 defendere
1446 3525 1637 3592 pergit,

407 3619 708 3667 Virtu‘temve
728 3618 826 3666 suis
845 3617 1064 3675 fraudare
1081 3617 1134 3666 in
1150 3615 1351 3685 praemia
1367 3615 1525 3666 donis.
1624 3653 1627 3656 .

406 3707 531 3779 Nam
550 3723 707 3773 neque
726 3705 998 3758 mortiferas
1016 3707 1283 3776 quisquam
1295 3706 1459 3757 minus
1477 3707 1636 3759 oderit
1650 3707 1819 3760 herbas
1834 3747 1849 3772 ,

412 3797 560 3863 Quod
575 3815 678 3848 non
696 3797 893 3848 arbitrio
911 3797 1112 3846 veniunt
1125 3833 1139 3859 ,
1165 3796 1250 3848 sed
1269 3798 1452 3848 semine
1468 3805 1601 3850 certo
1622 3816 1635 3848 x

412 3889 1106 3941 Gmtinnecleviortribuehu
1127 3887 1353 3940 dulcibus
1374 3892 1525 3952 eseia,

410 3983 744 4047 Quodmtura
763 3983 900 4036 dedit
917 3981 1079 4050 fruges
1093 4017 1110 4042 ,
1129 3997 1230 4035 non
1255 3982 1357 4032 ulla
1372 3983 1594 4044 volumtas
1610 4021 1625 4044 ,

421 4071 502 4122 sic
518 4072 776 4144 homimum
793 4077 946 4148 tuenti
961 4079 1096 4126 tanto
1115 4073 1178 4124 sit
1195 4072 1349 4142 gloria
1366 4073 1522 4136 major
1540 4109 1553 4131 ‚
