2667 4475
351 322 484 393 318
939 316 1024 385 L.
1075 308 1431 383 ANNAEI
1481 308 1911 381 SENECAE

349 448 646 545 repulit,
706 446 1060 539 majusque
1113 466 1328 536 regno
1368 439 1709 535 judicavit
1735 492 1754 525 ,
1816 443 2043 533 regias
2095 464 2261 535 opes
2306 464 2515 535 posse

348 580 807 635 contemnere.
851 561 1043 629 Idem
1064 610 1084 645 ,
1125 558 1390 627 medico
1422 556 1674 652 Pyrrhi
1694 560 2133 654 promittente
2160 580 2515 626 venenum

349 706 424 751 se
451 680 597 773 regi
627 676 970 758 daturum,
1005 677 1270 744 monuit
1293 675 1663 767 Pyrrhum,
1691 690 1961 743 caveret
1984 672 2291 742 insidias.
2316 674 2409 765 Ej
2420 698 2523 741 us-

351 798 508 869 dem
554 795 766 870 animi
815 795 986 879 fuit,
1039 816 1209 862 auro
1249 817 1391 860 non
1438 792 1665 874 vinci,
1722 814 1985 875 veneno
2025 816 2165 859 non
2206 790 2517 860 vincere.

267 936 303 992 6
351 913 686 985 Admirati
718 934 948 981 sumus
973 910 1324 1004 ingentem
1357 909 1580 978 virum
1599 958 1621 992 ,
1666 932 1868 1000 quem
1899 930 2039 975 non
2064 908 2249 1001 regis
2272 910 2289 941 ¹
2320 958 2347 990 ,
2382 932 2519 975 non

350 1044 590 1099 contra
609 1050 844 1121 regem
869 1028 1204 1122 promissa
1235 1024 1621 1110 flexissent,
1654 1022 1832 1091 boni
1844 1023 2133 1116 exempli
2159 1037 2515 1091 tenacem·
2500 1077 2517 1109 ‚

354 1144 540 1238 quod
563 1141 1046 1211 difficillimum
1071 1156 1211 1224 est,
1248 1142 1322 1207 in
1358 1139 1543 1208 bello
1580 1140 2051 1209 innocentem·
2035 1192 2054 1228 ‚
2086 1140 2207 1232 qui
2232 1139 2521 1232 aliquod

355 1282 502 1329 esse
531 1242 851 1328 crederet
881 1258 1081 1325 etiam
1122 1257 1196 1323 in
1226 1254 1503 1325 hostes²
1534 1257 1757 1346 nefas3
1798 1256 1919 1349 qui
1958 1256 2033 1323 in
2065 1279 2333 1323 summa
2364 1280 2526 1348 pau-

353 1390 654 1471 pertate,
697 1397 900 1467 quam
919 1366 1115 1441 ³sibi
1143 1370 1353 1441 decus
1383 1372 1675 1457 fecerat,
1714 1394 1854 1439 non
1891 1371 2093 1440 aliter
2122 1371 2395 1465 refugit
2418 1372 2523 1439 di-

353 1496 594 1576 vitias,
635 1516 838 1586 quam
872 1514 1238 1563 venenum.
1280 1516 1314 1554 α
1343 1492 1553 1573 Vive,
1590 1483 1863 1582 inquit⁴
1885 1541 1904 1572 ,
1943 1490 2288 1559 beneficio
2326 1514 2519 1569 meo,

355 1608 662 1701 Pyrrhe3
708 1622 778 1676 et
808 1606 1029 1701 gaude
1051 1656 1072 1690 ,
1108 1605 1294 1697 quod
1332 1604 1559 1675 adhuc
1592 1604 1873 1675 dolebas
1896 1658 1914 1688 ,
1954 1602 2367 1675 Fabricium
2390 1630 2527 1675 non

281 1770 309 1820 ⁷
341 1746 556 1820 ,posse
595 1724 969 1816 corrumpi.
1011 1748 1046 1785 ι)
1089 1722 1410 1790 Horatius
1448 1723 1686 1791 Coeles
1728 1721 1909 1790 solus
1946 1720 2263 1815 implevit
2298 1724 2529 1815 pontis

359 1840 749 1932 angustias,
781 1836 1130 1929 adimique
1158 1862 1200 1906 a
1226 1854 1424 1931 tergo
1460 1839 1591 1906 sibi
1624 1837 1960 1923 reditum,
1997 1837 2375 1907 dummodo
2402 1840 2529 1907 iter

362 1957 544 2025 hosti
574 1954 990 2041 auferretur,
1015 1954 1259 2045 jussit,
1297 1969 1365 2022 et
1400 1974 1536 2022 tam
1576 1952 1698 2022 diu
1730 1956 1981 2023 restitit
2006 1954 2523 2050 prementibus,

363 2074 584 2143 donec
626 2072 897 2141 revulsa
931 2070 1198 2165 ingenti
1245 2072 1445 2138 ruina
1486 2072 1678 2165 tigna
1716 2089 2117 2140 sonuerunt.
2158 2074 2529 2167 Postquam

365 2190 698 2285 respexit,
747 2203 815 2258 et
859 2202 1048 2256 extra
1092 2186 1475 2280 periculum
1532 2210 1678 2261 esse
1717 2190 2006 2282 patriam
2044 2188 2364 2282 periculo
2416 2212 2531 2258 suo

288 2331 321 2384 s
368 2307 620 2376 sensit:
658 2332 692 2372 α
717 2305 1003 2392 Veniat,
1031 2305 1088 2372 si
1108 2305 1264 2396 quis
1285 2301 1475 2388 vult,
1502 2305 1764 2397 inquit,
1798 2307 1899 2374 sic
1920 2321 2197 2375 euntem
2230 2304 2465 2400 sequi!
2492 2333 2525 2368 u

369 2420 696 2514 deditque
734 2444 807 2489 se
847 2419 923 2488 in
957 2442 1308 2513 praeceps3
1364 2433 1431 2486 et
1474 2442 1613 2487 non
1650 2421 1874 2488 minus
1909 2418 2243 2488 sollicitus
2293 2423 2371 2488 in
2414 2421 2529 2488 illo

369 2666 574 2737 terjecto
591 2684 745 2732 anno,
762 2675 938 2718 contra
953 2661 1212 2736 Pyrrhum
1229 2661 1407 2714 Fabri·

371 2743 478 2798 eius
499 2755 574 2794 est
593 2742 841 2795 missus....
863 2742 997 2792 Tum
1012 2779 1027 2806 ‚
1051 2759 1210 2812 quum
1233 2739 1403 2792 vicina

371 2831 528 2876 eastra
547 2819 658 2888 ipse
685 2832 734 2872 et
762 2839 847 2871 rex
871 2818 1149 2882 haberent,
1173 2817 1403 2870 medicus

369 2895 560 2968 Pyrrhi
590 2895 654 2948 ad
679 2915 795 2948 eum
826 2907 978 2948 nocte
1005 2895 1171 2957 venit,
1195 2893 1403 2966 promit·

372 2984 484 3026 tens
509 2991 710 3026 veneno
733 2971 992 3043 Pyrrhum
1013 2972 1331 3033 occisurum,
1355 2970 1399 3023 si

371 3049 470 3104 sibi
509 3049 706 3121 aliquid
738 3049 1089 3125 pollici-,retum
1123 3067 1276 3119 quem
1309 3049 1409 3100 Fa-

367 3127 560 3192 'bricius
593 3128 824 3181 vinctum
858 3128 1030 3182 reduci
1052 3127 1195 3196 iussit
1224 3125 1288 3178 ad
1318 3125 1407 3180 do·

373 3207 602 3274 minum,
627 3208 928 3282 Pyrrhoque
955 3207 1055 3262 diei
1081 3223 1195 3279 quoe
1231 3219 1405 3259 eontra

375 3286 642 3358 caputeius
661 3286 885 3340 medicus
897 3286 1259 3360 spopondusset.
1267 3287 1404 3338 Tum

375 3385 464 3418 rex
499 3363 774 3418 admiratus
811 3385 955 3430 eum,
995 3365 1180 3418 dixisse
1213 3365 1407 3417 fertur:

376 3443 476 3496 Ille
503 3454 576 3494 est
610 3440 873 3496 Fabricius
889 3483 904 3510 ,
941 3443 1032 3514 qui
1055 3441 1318 3497 difficilius
1340 3443 1405 3495 ab

377 3521 680 3581 honestate,
717 3541 872 3590 quam
919 3522 993 3574 sol
1036 3541 1066 3574 a
1111 3541 1258 3575 cursu
1311 3540 1403 3576 suo

380 3598 540 3654 averti
566 3610 789 3672 potest.»
761 3601 878 3652 »ὼ
903 3599 1102 3653 Gellius
1129 3599 1277 3654 nobis
1297 3619 1405 3654 ser-

379 3676 517 3730 vuit
547 3675 810 3752 epistolam
853 3695 1008 3746 quam
1047 3676 1312 3730 Fabricius
1340 3677 1403 3730 de

381 3752 482 3806 boc
521 3751 586 3805 ad
633 3753 892 3824 Pyrrhum
938 3754 1166 3827 scripsit,
1201 3755 1405 3827 plenam

383 3830 544 3883 animi
569 3830 939 3904 magnitudine.

455 3929 500 3961 ι.
526 3907 650 3962 Non
685 3912 819 3979 regis
837 3945 854 3974 ‚
894 3928 996 3962 non
1029 3919 1208 3962 contra
1237 3925 1407 3979 regem

379 3991 660 4056 promissa.
703 3990 802 4042 lut.
851 4009 957 4042 non
995 3988 1239 4063 promissa
1269 3989 1405 4063 regis

387 4084 602 4136 regnum
617 4067 906 4132 offerentis,
925 4086 1030 4120 non
1046 4068 1288 4139 promissa
1303 4087 1407 4144 gne·-

1506 2651 1608 2715 di'ci
1632 2675 1806 2717 contra
1832 2681 2003 2734 regem
2024 2701 2040 2728 ‚
2068 2663 2125 2716 id
2148 2677 2252 2728 est,
2281 2683 2457 2738 regan
2480 2685 2527 2716 se

1504 2741 1785 2794 occisurum
1810 2740 2041 2813 polliciti.

1570 2837 1617 2870 τι.
1641 2818 1713 2869 In
1735 2819 1919 2872 hostes.
1942 2819 2031 2872 Sic
2066 2821 2315 2874 Erasmus
2358 2861 2377 2889 ‚
2404 2823 2527 2874 Mur·

1502 2896 1661 2952 editio
1678 2897 1889 2969 antiqua
1902 2916 1917 2950 ε
1930 2899 2131 2972 Lipsius
2148 2903 2237 2952 εἰη
2254 2903 2421 2954 hoste.
2440 2901 2503 2952 lt

1565 2976 1613 3027 3.
1646 2974 1845 3046 Quam.
1886 2977 1977 3032 Sic
2016 2997 2199 3031 omnes
2239 2979 2459 3052 palatini
2488 2991 2525 3031 e!

1506 3055 1661 3108 editio
1688 3066 1791 3106 ant.
1817 3053 2055 3108 Erasmus
2074 3069 2255 3110 nmen
2278 3073 2445 3125 :qua-
2468 3057 2529 3106 R.

1570 3137 1621 3200 4.
1646 3135 1805 3197 Vive,
1836 3137 2059 3204 inquit...
2089 3142 2380 3207 eormmps'.
2405 3137 2528 3189 Pla-

1504 3211 1703 3264 tarelms
1735 3211 2052 3264 conservavit
2079 3211 2353 3285 epistolem
2378 3233 2411 3266 a
2432 3215 2531 3266 Fa-

1504 3290 1663 3344 bricio
1706 3304 1757 3343 et
1790 3291 1899 3362 ejus
1954 3291 2155 3364 collega
2204 3293 2278 3362 Q.
2310 3293 2529 3346 AEmilio

1504 3369 1644 3423 Coss.
1671 3388 1714 3423 a.
1742 3369 1805 3421 U.
1826 3389 1870 3421 c.
1898 3371 1998 3436 474
2017 3369 2081 3422 ad
2110 3371 2381 3441 Pyrrhum
2406 3372 2527 3424 mis-

1498 3466 1605 3500 sam
1628 3445 1816 3500 diversi
1842 3447 2131 3517 argumenti
2154 3464 2167 3498 z
2190 3448 2387 3520 Neque
2408 3450 2531 3502 mi-

1502 3543 1677 3578 corum
1692 3524 1777 3576 vid
1784 3524 1898 3588 eris,
1912 3543 2079 3595 neque
2094 3526 2325 3580 hostium
2338 3547 2447 3582 esse
2460 3531 2529 3581 fe·

1500 3603 1570 3657 lix
1592 3603 1759 3675 judex.
1786 3603 1977 3671 Lectis,
2008 3619 2127 3675 qun
2152 3605 2221 3656 sd
2248 3625 2349 3658 nos
2374 3605 2529 3660 missae

1500 3694 1648 3748 sunt,
1692 3679 1903 3744 litteris,
1940 3701 2247 3756 cognosces,
2280 3693 2337 3736 te
2362 3697 2527 3738 eontn

1502 3756 1665 3810 bonos
1691 3769 1741 3810 et
1764 3757 1920 3827 justos
1945 3758 2081 3811 viros
2102 3758 2299 3812 bellum
2330 3781 2525 3836 gerere,

1504 3833 1707 3908 perfidis
1758 3843 1811 3887 et
1848 3833 2091 3908 improbis
2130 3836 2319 3890 babere
2366 3835 2527 3890 fidem·

1504 3915 1683 3983 Neque
1706 3931 1829 3966 vero
1868 3913 1977 3968 baec
2015 3931 2140 3981 nos,
2176 3935 2283 3987 quo
2318 3917 2525 3990 gratiam

1504 4008 1817 4044 emereamur
1858 4003 1999 4044 tuam
2018 4029 2035 4060 ,
2078 3991 2369 4046 indicemus
2404 3993 2493 4046 tibi
2510 4031 2525 4056 ,

1506 4069 1594 4121 sed
1620 4088 1687 4122 ne
1710 4087 1852 4124 casus
1876 4083 1993 4124 tuus
2020 4083 2248 4144 aspergat
2280 4071 2525 4124 maculam
