2667 4475
762 308 822 375 E
871 309 1224 379 maius
1268 308 1721 378 SENECAE.
2105 311 2242 404 4⁵9

95 439 391 507 avaritia
422 435 683 506 senilis.
712 435 907 530 Quid
934 439 1117 506 enim
1149 437 1418 507 stultius
1443 451 1543 506 est
1561 487 1582 520 ,
1622 433 1807 530 quod
1848 436 1984 506 dici
2020 437 2236 524 solet,

100 579 315 647 quam
367 554 479 624 via
526 551 890 624 deficiente
936 554 1253 624 viaticum
1302 555 1610 648 augere?
1653 554 1908 622 Omnes
1952 553 2246 622 infantes

103 697 299 747 terra
334 677 551 746 nudos
587 678 867 770 excipit.
898 680 961 745 N
964 701 1052 746 on
1087 677 1301 771 pudet
1328 693 1395 747 te
1423 676 1665 746 fortius
1695 679 1882 746 nasci
1907 699 2112 770 quam
2143 671 2247 744 v'i-

102 817 277 862 vere
294 795 327 860 Ρ
357 793 549 884 Quid
588 793 855 862 dulcius
892 818 1092 888 quam
1126 793 1382 872 habere
1408 802 1694 864 amicum
1713 843 1733 877 ,
1777 817 1930 861 cum
1957 816 2094 885 quo
2117 816 2246 861 au-

107 907 281 975 deas
300 956 324 991 ,
356 920 433 973 ut
461 921 679 975 tecum
703 956 721 990 ,
763 909 987 975 omnia
1026 907 1267 1000 loqui?
1292 902 1700 999 Magnarum
1725 907 1974 977 virium
1999 921 2104 974 est
2127 929 2252 973 ne-

110 1023 383 1118 gligere
428 1022 807 1106 laedentem.
855 1024 1050 1117 Quid
1082 1026 1175 1094 sis
1218 1025 1503 1092 interest
1529 1073 1554 1109 ,
1593 1047 1732 1093 non
1767 1024 1937 1117 quid
1969 1022 2242 1091 habeas.

108 1139 435 1208 Nondum
463 1163 539 1210 es
573 1140 734 1208 felix
753 1190 773 1224 ,
816 1142 873 1208 si
901 1157 971 1209 te
1002 1141 1203 1210 turba
1235 1164 1374 1208 non
1409 1139 1752 1208 deriserit.
1791 1141 1863 1208 Si
1889 1141 1991 1207 vis
2018 1139 2254 1208 beatus

108 1279 295 1339 esse,
314 1259 537 1350 cogita
558 1257 691 1326 hoc
710 1258 1005 1351 primum
1032 1283 1049 1324 :
1070 1273 1528 1338 contemnere,
1556 1271 1624 1322 et
1645 1256 2014 1323 contemni.
2027 1255 2256 1336 Prius-

112 1397 325 1465 quam
347 1374 733 1467 promittas,
776 1371 1149 1460 deliberes3
1183 1389 1286 1458 et,
1318 1395 1528 1464 quum
1552 1371 1985 1465 promiseris,
2017 1369 2245 1438 facias.

112 1489 207 1558 Id
230 1511 430 1582 agas,
460 1512 555 1556 ne
594 1490 747 1581 quis
785 1491 1024 1558 merito
1066 1506 1133 1558 te
1176 1488 1434 1571 oderit,
1475 1503 1545 1556 et
1585 1488 1645 1554 si
1691 1485 1915 1553 nullos
1947 1485 2257 1552 inimicos

112 1605 253 1673 tibi
320 1602 525 1674 facies
594 1600 848 1698 injuria
866 1655 885 1688 ,
960 1605 1201 1673 multos
1254 1601 1422 1672 facit
1475 1601 1760 1671 invidia.
1809 1599 2258 1670 Solitudinem

118 1735 387 1812 quoerat
406 1768 427 1802 ,
454 1720 575 1812 qui
601 1719 745 1788 vult
766 1744 917 1788 cum
948 1720 1424 1788 innocentibus
1451 1720 1710 1787 vivere.
1745 1719 2058 1811 Optimus
2092 1739 2260 1810 ergo

114 1837 391 1904 animus
432 1851 501 1903 et
546 1833 1049 1928 pulcherrimus
1098 1835 1319 1904 cultor
1367 1837 1500 1904 Dei
1551 1851 1680 1903 est.
1737 1832 2132 1902 Abstinebis
2173 1831 2260 1900 ab

114 1951 350 2020 alieno
404 1952 861 2021 matrimonio.
892 1949 1253 2020 Praestabis
1292 1951 1692 2044 parentibus
1737 1952 2056 2045 pietatem
2080 1999 2099 2032 ,
2141 1971 2261 2018 co·-

124 2068 353 2162 gnatis
378 2067 870 2160 indulgentiam
890 2116 909 2150 ,
942 2066 1253 2135 omnibus
1272 2069 1683 2159 aequitatem.
1722 2067 2072 2137 Devitabis
2098 2089 2267 2134 cru·-

124 2183 475 2253 delitatem
496 2233 520 2270 ,
574 2201 643 2253 et
686 2185 1061 2253 ministram
1128 2182 1550 2253 crudelitatis
1599 2185 1800 2251 iram.
1859 2185 2010 2251 Non
2067 2179 2266 2248 aliter

124 2304 321 2370 vivas
344 2302 419 2369 in
448 2299 852 2387 solitudine,
884 2301 1083 2370 aliter
1108 2303 1181 2369 in
1206 2302 1378 2370 foro.
1410 2299 1603 2368 Nihil
1629 2314 1820 2391 petas
1845 2296 2030 2389 quod
2056 2318 2269 2388 nega-

126 2439 331 2487 turus
362 2418 587 2504 fuisti;
623 2416 799 2485 nihil
838 2417 1124 2511 negabis
1166 2417 1354 2511 quod
1397 2418 1737 2510 petiturus
1783 2414 1996 2482 fuisti.
2025 2415 2270 2482 Pacem

128 2558 293 2604 cum
324 2533 713 2602 hominibus
749 2533 1069 2618 babebis,
1112 2558 1267 2602 cum
1308 2533 1494 2602 vitiis
1540 2531 1820 2601 bellum.
1871 2534 2018 2598 Hoc
2063 2528 2272 2597 habet

130 2649 360 2731 omnis
386 2649 664 2719 afflictus
688 2666 765 2717 ut
785 2700 809 2735 ,
850 2650 924 2717 in
951 2649 1135 2742 quod
1159 2651 1305 2743 ipse
1330 2643 1604 2734 insanit,
1643 2650 1716 2716 in
1745 2648 1816 2716 id
1843 2660 2040 2740 putet
2063 2644 2268 2714 etiam

128 2782 419 2837 caeteros
447 2767 699 2835 furere.
732 2768 1099 2835 Maximum
1138 2770 1213 2835 in
1242 2791 1323 2835 eo
1350 2768 1594 2835 vitium
1629 2780 1731 2834 est
1751 2815 1771 2849 ,
1801 2766 1921 2856 qui
1958 2786 2098 2831 non
2124 2784 2274 2830 me·-

134 2882 429 2951 lioribus
477 2883 623 2951 vult
664 2882 933 2976 placere
963 2934 984 2968 ,
1037 2883 1161 2953 sed
1202 2883 1541 2978 pluribus.
1597 2883 1718 2949 Vis
1767 2881 2079 2949 omnibus
2126 2902 2273 2947 esse

134 3000 397 3069 notus?
421 3001 612 3093 prius
634 2999 834 3069 effice
860 3050 879 3083 ,
921 3016 999 3068 ut
1024 3002 1367 3069 neminem
1399 3000 1697 3069 noveris.
1729 3002 1988 3067 Bonum
2015 3009 2120 3063 est
2141 3018 2280 3063 non

138 3114 406 3185 laudari
432 3166 452 3199 ,
490 3132 560 3184 et
592 3140 737 3185 esse
772 3116 1200 3185 laudabilem.
1245 3116 1538 3185 Stultum
1565 3130 1670 3183 cst
1693 3114 1935 3182 timere
1969 3110 2153 3206 quod
2173 3111 2280 3179 vi-

140 3252 294 3303 tare
330 3257 467 3302 non
493 3250 709 3328 potes.
733 3236 912 3303 Male
940 3234 1308 3329 opinentur
1332 3232 1422 3301 de
1457 3248 1523 3301 te
1551 3233 1862 3301 homiues
1880 3281 1903 3317 ,
1935 3229 2056 3298 sed
2089 3228 2274 3296 mali.

141 3350 349 3418 Malis
381 3348 742 3444 displicere
778 3366 881 3420 est
914 3350 1201 3420 laudari.
1244 3351 1425 3419 Male
1453 3350 1539 3417 de
1567 3364 1634 3417 te
1662 3348 2035 3441 loquuntur
2060 3346 2280 3414 homi-

142 3490 273 3537 nes
294 3516 313 3550 ,
348 3466 523 3535 bene
554 3484 777 3536 autem
810 3468 995 3561 loqui
1022 3470 1366 3551 nesciunt,
1391 3490 1530 3536 non
1550 3465 1734 3560 quod
1757 3466 2078 3533 merearis
2095 3513 2116 3548 ,
2159 3462 2281 3531 sed

147 3581 343 3675 quod
372 3581 594 3650 solent
619 3582 776 3676 ipsi.
806 3584 1131 3653 Homines
1166 3582 1252 3651 de
1288 3598 1357 3651 te
1391 3582 1568 3651 mala
1610 3580 2024 3675 loquuntur,
2055 3580 2112 3648 si
2140 3604 2286 3648 me-

147 3699 289 3767 rito
314 3747 334 3780 ,
366 3722 503 3765 non
531 3696 713 3790 quod
754 3698 1127 3791 loquuntur
1176 3702 1524 3770 molestum
1572 3714 1674 3767 est
1697 3750 1715 3781 ,
1760 3696 1882 3767 sed
1913 3694 2102 3790 quod
2143 3718 2284 3763 non

152 3816 625 3900 mentiuntur3
670 3817 726 3882 si
762 3816 1141 3902 immerito,
1173 3817 1560 3886 innocentia
1597 3838 1746 3883 mea
1785 3838 1970 3881 nunc
2005 3811 2288 3879 maxime

156 3929 449 4023 gaudeo.
494 3934 797 4026 Apparet
830 3934 1010 4003 enim
1046 3934 1199 4002 illos
1234 3958 1398 4003 vera
1433 3933 1859 4026 objecturos,
1899 3931 1956 3996 si
1989 3940 2283 4021 possent.

157 4056 315 4121 Non
340 4078 414 4122 es
442 4056 515 4122 in
542 4057 761 4148 patria
795 4073 932 4125 tua.
970 4058 1197 4127 Patria
1231 4072 1344 4124 tua
1385 4073 1490 4125 est
1519 4054 1930 4144 ubicumque
1964 4050 2140 4118 bene
2167 4070 2282 4131 ess-3
