2667 4475
796 326 1331 398 EPISTULA
1379 328 1554 397 CII.
2129 356 2252 425 ¹79

103 484 343 533 omnes
373 453 539 527 boni
580 456 759 527 idem
806 458 1172 542 sentix-eun
1214 478 1452 524 omnes
1491 456 1674 523 enim
1701 504 1720 537 ‚
1773 457 1828 521 si
1865 477 1972 523 me
2010 475 2258 551 cogno-

102 579 376 662 verint,
418 575 603 645 idem
651 573 974 643 sentient.
1016 574 1149 642 Pm-
1189 571 1327 641 illis
1377 570 1696 664 idemque
1725 572 2060 665 judicium
2105 590 2208 643 est
2231 604 2258 661 3·
2315 572 2372 629 ¹3

104 718 299 789 aeque
330 717 497 763 vero
526 693 901 761 insistitur¹
949 690 1035 759 ab
1072 690 1221 771 his,
1268 693 1388 781 qui
1423 690 1754 759 dissidere
1783 714 1918 759 non
1945 708 2251 783 possunt.

104 814 213 881 Ita
232 834 367 905 pro
396 832 481 879 eo
510 824 615 879 est
634 855 655 891 ,
684 832 769 877 ac
799 809 857 875 si
886 827 1122 875 omnes
1144 804 1327 873 idem
1353 808 1684 889 sentiant,
1717 808 1878 899 quia
1901 806 2088 875 aliud
2109 831 2264 876 sen-

110 931 246 997 tire
302 943 441 997 nen
494 939 805 1019 possunt.
862 921 967 992 Ad
1018 923 1303 1017 'gloriam
1347 940 1462 991 eut
1500 924 1742 991 famam
1783 948 1923 992 non
1951 938 2068 994 =est
2105 928 2266 993 satis

108 1046 325 1115 unius
370 1044 630 1137 opinio.
684 1041 839 1110 Illic
884 1040 1063 1108 idem
1110 1046 1337 1132 potest
1389 1042 1594 1109 unius
1649 1044 1982 1109 sententia
2000 1091 2025 1127 ,
2081 1042 2268 1134 quod

111 1162 471 1246 omnium3
512 1160 673 1251 quis
710 1158 1049 1239 omnium,
1102 1156 1159 1222 si
1208 1160 1690 1259 perlegetur-²,
1743 1176 1878 1223 una
1931 1158 2114 1224 erit:
2151 1158 2270 1225 hie
2377 1180 2382 1183 ·

111 1276 394 1345 diversa
431 1273 857 1343 dissimilium
885 1272 1151 1365 judicia
1179 1286 1370 1356 sunt,
1406 1270 1764 1340 dissimiles
1791 1274 2112 1361 affectus3
2153 1274 2272 1342 du·

110 1397 233 1463 bia
259 1394 490 1463 omnia
522 1392 857 1473 invenias,
888 1390 1105 1475 levia,
1146 1404 1478 1481 suspecta.
1511 1390 1717 1457 Putas
1747 1406 1818 1457 tu
1845 1412 2040 1483 posse
2069 1416 2272 1461 unam
2332 1392 2390 1462 ¹4

112 1512 429 1581 omnium
468 1533 616 1577 esse
656 1508 1107 1577 sententiam?
1140 1530 1279 1574 non
1316 1523 1420 1575 est
1448 1508 1658 1574 unius
1691 1500 1863 1575 una³
1906 1510 2268 1577 sententia.

109 1618 273 1697 Illi⁴
303 1626 529 1719 placet
552 1634 831 1712 'verum3
860 1623 1167 1693 veritatis
1193 1646 1329 1691 una
1356 1624 1492 1707 vis,
1521 1647 1657 1690 una
1686 1624 1893 1691 facies
1915 1640 2018 1691 est
2050 1651 2064 1691 ε
2094 1626 2278 1719 apud

110 1747 244 1813 hos
272 1743 443 1811 falsa
478 1757 634 1811 sunt
663 1793 683 1825 ‚
715 1741 967 1833 quibus
998 1742 1486 1808 assentiuntur.
1519 1741 1882 1831 Nunquam
1907 1757 2132 1809 autem
2161 1742 2282 1809 fal-

112 1863 217 1930 sis
251 1860 630 1929 constantia
667 1874 805 1940 est·,
843 1857 1196 1926 variantur
1226 1872 1294 1923 et
1325 1855 1684 1924 dissident.
1719 1894 1822 1909 ·--
1863 1886 1893 1921 (t
1922 1858 2058 1927 Sed
2091 1859 2272 1938 laus,
2337 1866 2394 1922 15

114 1979 355 2070 inquit
372 2026 398 2062 ,
439 1974 615 2043 nihil
642 1972 833 2041 aliud
863 1996 1064 2064 quam
1092 1994 1221 2039 vox
1258 1987 1416 2059 estf:
1449 1996 1580 2039 vox
1605 1989 1832 2041 autem
1863 1974 2120 2044 bonum
2141 2000 2282 2044 non

115 2111 249 2164 est.
274 2121 310 2158 η
348 2131 428 2146 --
453 2093 689 2185 Quum
718 2090 949 2159 dicant
966 2140 985 2171 ,
1027 2088 1402 2157 claritatem
1428 2109 1578 2159 esse
1608 2090 1878 2159 laudem
1905 2086 2276 2176 bonorum,

116 2239 161 2280 a
199 2209 407 2286 bonis
440 2206 821 2296 redditam3
865 2203 1003 2303 jam
1053 2230 1194 2274 non
1238 2203 1329 2274 ad
1375 2194 1612 2274 vocem
1650 2207 1994 2292 referunt,
2033 2208 2156 2277 sed
2195 2208 2286 2278 ad

118 2329 559 2397 sententiam.
620 2328 814 2395 Licet
868 2327 1049 2394 enim
1093 2327 1203 2392 vir
1250 2325 1470 2394 bonus
1517 2342 1734 2396 taceat
1754 2377 1776 2414 ,
1829 2329 1952 2397 sed
1986 2330 2283 2421 aliqu-em

110 2446 391 2539 judicet
446 2443 729 2544 dignum
784 2441 985 2512 laude
1039 2465 1227 2527 esse,
1288 2443 1600 2514 laudatus
1653 2461 1758 2513 est
1781 2439 1832 2512 ⁵.
1890 2445 2228 2516 Praeterea
2260 2491 2278 2532 ‚

120 2560 320 2630 aliud
348 2574 454 2627 est
484 2553 689 2639 laus‘,
722 2557 915 2626 aliud
950 2559 1247 2626 laudatio
1279 2586 1297 2624 .·
1332 2558 1482 2628 haec
1507 2577 1576 2628 et
1606 2582 1838 2630 vocem
1867 2565 2077 2658 exigit
2112 2589 2126 2631 ε
2159 2567 2288 2634 ita·—

120 2704 263 2772 que
294 2699 499 2745 nemo
524 2673 692 2743 dicit
724 2677 991 2741 laudem
998 2673 1396 2766 funebrem,
1429 2678 1550 2755 sed
1577 2679 2060 2768 laudationem,
2092 2685 2198 2776 cuj
2210 2709 2288 2754 us

122 2797 437 2866 officium
487 2779 793 2861 emtione
831 2808 1116 2860 constat.
1166 2793 1402 2885 Quum
1437 2794 1726 2866 dicimus
1758 2799 2054 2892 aliquem
2088 2805 2288 2869 laude
2346 2805 2404 2865 ιθ

120 2917 448 3008 dignum,
486 2935 628 2978 non
664 2908 879 2977 verba
930 2908 1033 2975 illi
1088 2907 1388 3004 benigna
1439 2913 1790 2982 hominum
1812 2967 1834 3000 ,
1878 2919 1996 2986 sed
2022 2918 2288 3011 judicia

124 3107 481 3174 aliorumque,
502 3119 615 3172 que
630 3101 831 3154 ntinfra
853 3099 975 3152 dicit
989 3099 1051 3170 ‚S
1071 3101 1159 3166 18,
1325 3124 1373 3154 2.
1403 3102 1729 3175 Pet-rugetur.
1765 3109 1958 3182 supple
1995 3129 2008 3164 :
2040 3132 2138 3164 vox
2172 3113 2288 3167 Cu·-

123 3187 425 3238 multomm
444 3182 649 3245 indicitis
664 3191 904 3234 conseant
916 3182 1162 3246 )....1·111·us
1260 3180 1350 3233 τίω
1371 3181 1560 3251 (quum
1593 3183 1783 3236 Consul
1816 3187 2050 3240 omnium
2077 3204 2289 3244 senten-—

123 3266 145 3328 (
178 3279 375 3331 nempe
415 3261 675 3312 claritatis
698 3295 715 3324 ,
756 3276 874 3327 quo
906 3260 1163 3322 judicium
1260 3257 1352 3309 tias
1379 3258 1558 3311 ordine
1583 3261 1854 3330 exquirit).
1873 3263 2020 3333 Lt'ps.

124 3351 210 3394 est
232 3339 493 3392 borsetum
508 3340 547 3404 ).
1328 3333 1376 3387 3.
1389 3336 1512 3388 Non
1527 3349 1606 3392 est
1614 3341 1768 3392 unius
1781 3361 1904 3394 una.
1923 3345 2054 3397 Nem
2067 3347 2288 3414 variant,

202 3433 253 3470 ι.
284 3413 478 3481 AEque
518 3433 641 3466 vero
684 3415 948 3466 insistitur
974 3412 1047 3466 ab
1083 3415 1167 3468 his

122 3499 229 3571 qus·
249 3495 508 3546 dissidere
531 3511 635 3546 mn
650 3501 885 3560 possunt.
906 3493 991 3546 Sit
1014 3493 1169 3568 vulgo

127 3593 191 3627 ex
232 3569 439 3624 Erasmi
472 3570 689 3624 maxime
724 3571 833 3642 ing.
869 3570 1171 3624 Videndum

126 3650 267 3722 qnid
280 3649 436 3702 lateat
448 3649 541 3700 sub
555 3659 721 3702 vetere
734 3647 973 3722 scriptura
985 3691 999 3718 ,
1026 3671 1170 3720 oeque

130 3745 263 3782 υενο
282 3724 389 3790 (sic
413 3743 505 3778 ms.
528 3745 579 3776 a.
612 3727 744 3779 Vere
761 3745 804 3779 c.
823 3729 893 3779 A.
921 3725 1069 3780 Vera
1091 3727 1169 3780 ed.

130 3806 244 3872 R.)
262 3805 569 3876 infici-scitur
599 3807 853 3876 (irfice‘mr
878 3825 1010 3857 unus
1039 3806 1173 3858 Pin·
1206 3809 1213 3820 “

130 3882 279 3936 ciani
294 3920 313 3947 ‚
330 3885 647 3952 prospicitur
658 3883 737 3935 ed.
757 3883 853 3947 A.)
871 3899 887 3933 .-
902 3885 1174 3934 dissentire

128 3981 245 4014 non
262 3979 324 4030 p.
353 3959 489 4012 3.·-
502 3959 733 4013 Muretus
758 3978 901 4029 oeque
921 3979 1041 4013 vero
1060 3979 1174 4014 sen-

132 4043 271 4094 titur
285 4041 365 4093 ab
379 4040 463 4092 ῥίς
483 4057 533 4109 q.
552 4040 606 4091 d.
620 4059 671 4091 n.
688 4059 741 4107 p.
760 4039 859 4091 Int-
876 4057 1016 4110 aeque
1036 4039 1173 4091 viam

132 4119 289 4172 illam
312 4117 421 4172 veti
444 4117 573 4170 boni
598 4135 775 4171 omnes
800 4131 1048 4188 premunt.
1072 4115 1143 4172 R.

1264 3427 1315 3467 et
1332 3434 1504 3480 nemo,
1530 3415 1752 3490 sapiente
1779 3433 2008 3493 excepto,
2032 3422 2128 3476 sihi
2155 3446 2292 3492 con-⁴

1264 3504 1373 3544 stat.
1394 3491 1539 3559 Le'ps.

1333 3571 1382 3632 4.
1405 3569 1509 3622 11Ιί
1541 3573 1629 3636 (sc.
1656 3571 1766 3626 viro
1797 3574 1962 3644 bono)
1983 3597 2036 3632 a.
2057 3599 2100 3636 c.
2121 3580 2194 3636 R.
2215 3586 2290 3636 A.

1272 3647 1397 3699 Illis
1415 3647 1536 3698 edd.
1560 3668 1590 3699 a
1609 3649 1830 3703 Mureto.
1851 3653 2013 3706 Schw.

1334 3727 1386 3776 5.
1407 3723 1687 3779 Laudatus
1717 3741 1806 3781 est.
1829 3731 1877 3782 ls
1897 3733 2086 3786 seilicet
2099 3773 2114 3797 ,
2139 3754 2292 3804 quem

1270 3800 1348 3854 vir
1395 3801 1560 3856 bonus
1603 3803 1684 3858 vel
1724 3807 1874 3862 tacite
1917 3809 2108 3882 judicat
2141 3811 2291 3866 laude

1275 3881 1486 3956 dignum
1514 3901 1634 3938 esse.

1332 3961 1381 4016 6.
1407 3966 1585 4017 Aliud
1617 3975 1696 4019 est
1727 3968 1874 4032 laus,
1908 3973 2067 4022 aliud
2087 3974 2294 4025 lauda-

1268 4041 1354 4092 tio.
1380 4041 1462 4092 En
1494 4041 1820 4097 subtilitatem
1847 4045 2124 4104 admodum
2147 4049 2294 4102 arbi-

1269 4119 1474 4172 trariam
1502 4119 1515 4172 !
1548 4117 1810 4176 Interdum
1845 4123 1956 4178 laus
1991 4137 2040 4178 et
2072 4126 2294 4190 laudatio
