2667 4475
384 271 521 356 4⁵6
1226 264 1810 336 ExcERPTA

644 479 731 522 ΒΣ
769 479 1093 524 nunnus
1132 473 1216 521 E!
1254 479 1768 524 uonnnanoxtz
1808 479 2263 525 taunucus.

476 614 601 682 His
635 635 801 706 ergo
835 609 1376 682 institutionibus
1409 613 1784 684 observatis
1803 663 1826 699 ,
1868 631 2166 708 quatuor
2198 619 2542 686 virtutum

383 730 646 824 species
691 729 1069 824 perfectum
1102 745 1170 798 te
1208 729 1461 798 facient
1493 715 1716 800 virum
1737 778 1763 818 ,
1799 731 1858 798 si
1891 755 2286 802 mensuram
2333 732 2543 802 recti-

382 845 641 914 tudinis
671 869 905 914 earum
939 869 1135 940 aequo
1168 844 1446 920 vivendi
1473 845 1616 916 flue
1647 849 2046 917 servaveris.
2071 851 2253 918 Nam
2285 849 2355 918 si
2381 872 2544 944 pru·

382 961 613 1030 dentia
648 963 970 1030 terminos
1004 985 1159 1030 suos
1192 960 1512 1046 excedat,
1563 961 1812 1034 callida
1849 977 1921 1034 et
1959 963 2214 1057 pavida
2253 963 2543 1034 commi-

386 1080 559 1148 seris
574 1128 594 1162 ,
626 1079 1068 1172 investigator
1096 1079 1452 1149 latentium
1483 1096 1554 1148 et
1575 1094 1914 1150 scrutator
1935 1079 2544 1174 qualiumcumque

383 1215 707 1262 noxarum
750 1190 1129 1262 ostenderis
1147 1242 1170 1279 ,
1224 1192 1574 1269 notaberis
1630 1192 1910 1262 timidus
1929 1242 1954 1278 ,
1997 1191 2364 1285 speciosus
2383 1241 2406 1278 ,
2439 1209 2546 1260 at-

388 1323 654 1396 tentus3
692 1331 960 1403 semper
990 1308 1254 1401 aliquid
1279 1331 1632 1404 quaerens‚
1663 1331 1933 1402 semper
1957 1306 2230 1399 aliquid
2253 1309 2540 1392 timens,

389 1447 662 1520 semper
686 1423 949 1516 aliquid
972 1423 1328 1509 dubitans,
1359 1438 1431 1492 et
1453 1423 1922 1494 subtilissimas
1942 1425 2386 1522 suspiciones
2407 1442 2546 1492 tuas

393 1540 482 1610 ad
515 1541 728 1610 animi
778 1540 879 1608 tui
922 1540 1538 1633 apprehensionem
1585 1541 1973 1634 impingens
1995 1568 2017 1626 ς
2059 1539 2548 1612 monstraberis

392 1657 611 1751 digito
633 1657 879 1726 astutia
903 1655 1171 1751 plenus,
1204 1655 1590 1750 versipellis
1621 1670 1691 1724 et
1717 1635 2172 1751 simplicitatis
2201 1657 2545 1738 inimicus,

393 1771 1019 1864 contemplatorque
1046 1771 1403 1866 culparum
1420 1821 1444 1860 ,
1481 1787 1556 1840 et
1588 1787 1928 1865 postremo
1953 1795 2096 1840 uno
2121 1773 2418 1842 nomine
2439 1795 2550 1842 vo-

396 1887 663 1956 caberis
690 1913 733 1956 a
762 1889 1056 1970 cunctis,
1091 1887 1307 1956 malus
1332 1867 1566 1957 homo.
1595 1887 1681 1958 In
1703 1887 1830 1964 has
1855 1911 2024 1984 ergo
2049 1889 2364 1958 maculas
2391 1913 2550 1984 pm·

401 2002 633 2071 dentia
660 2003 1143 2072 immensurata
1168 2002 1524 2097 perducet,
1550 2005 1972 2097 quicumque
1984 2005 2060 2072 in
2076 2003 2204 2076 illa
2223 2003 2548 2078 mediocri

394 2115 592 2192 lance
623 2116 960 2211 persistit,
1006 2140 1138 2186 nec
1180 2115 1496 2196 obtusum
1527 2118 1606 2196 in,
1651 2141 1726 2188 se
1767 2116 2031 2221 aliquid
2076 2117 2341 2193 haheat
2363 2169 2388 2204 ‚
2431 2143 2550 2188 nec

400 2250 774 2303 versutum.

932 2384 1016 2425 DE
1056 2384 1476 2427 montanum
1515 2388 1688 2429 1081·
1703 2388 2024 2432 tronum..

502 2518 1026 2612 Magnanimitas
1056 2532 1282 2585 autem
1312 2518 1370 2584 si
1399 2540 1471 2586 se
1501 2534 1687 2588 extra
1705 2517 1978 2589 modum
1997 2540 2200 2587 suum
2227 2517 2541 2601 extollat,

413 2636 616 2702 faciet
630 2636 856 2703 virum
882 2634 1254 2719 minacem,
1279 2633 1612 2721 inflatum,
1640 2634 2049 2727 inquietum,
2071 2632 2460 2714 turbidum,
2491 2649 2548 2701 et

408 2752 483 2819 in
496 2774 955 2843 quascumque
970 2750 1389 2819 extollentias
1402 2750 1732 2819 dictorum
1743 2800 1764 2835 ,
1783 2766 2228 2842 actorumque
2245 2752 2548 2845 neglecta

410 2864 767 2935 honestate
818 2866 1135 2936 festinum
1167 2916 1187 2949 ‚
1242 2867 1364 2959 qui
1413 2869 1772 2935 momentis
1817 2866 2132 2935 omnibus
2189 2867 2550 2960 supercilia

414 2981 773 3075 subrigens
794 3033 815 3067 ,
841 2998 913 3051 et
934 2981 1301 3051 bestiarius
1324 2984 1530 3051 etiam
1558 2984 1786 3076 quieta
1811 2965 2058 3051 excitat
2074 3033 2094 3067 ,
2125 2982 2346 3051 alium
2371 2983 2544 3063 ferit,

416 3099 625 3168 alium
670 3100 887 3193 fugat.
927 3097 1063 3169 Sed
1104 3100 1412 3191 quamvis
1444 3098 1659 3167 audax
1697 3101 1786 3167 sit
1829 3100 2296 3193 impugnator,
2337 3116 2548 3169 tamen

418 3219 637 3287 multa
654 3234 840 3287 extra
881 3240 956 3286 se
988 3214 1281 3285 valentia
1316 3215 1500 3283 ferre
1531 3238 1673 3283 non
1715 3216 1992 3308 poterit.
2035 3212 2173 3283 Sed
2205 3231 2332 3283 aut
2363 3217 2550 3284 mise·-

422 3358 573 3403 rum
598 3335 858 3429 appetit
882 3334 1089 3402 finem
1111 3382 1133 3416 ,
1168 3346 1290 3400 aut
1319 3353 1765 3399 aerumnosam
1799 3332 1906 3399 sui
1935 3331 2337 3399 memoriam
2371 3328 2552 3399 dere·

420 3448 697 3540 linquit.
738 3450 1063 3519 Mensura
1097 3469 1264 3539 ergo
1308 3446 1881 3539 magnanimitatis
1917 3460 2021 3514 est
2066 3468 2200 3513 nec
2251 3444 2550 3515 timidum

426 3588 573 3635 esse
604 3565 949 3633 hominem
969 3614 993 3649 ,
1030 3588 1160 3633 nec
1183 3560 1535 3633 audacem.

1059 3773 1142 3815 DE
1182 3772 1376 3814 MODO
1415 3770 1948 3813 TEMPBBANTIAE.

528 3909 971 3980 Continentia
993 3904 1243 3979 deinde
1268 3892 1381 3975 bis
1415 3904 1724 3975 terminis
1749 3920 1816 3973 te
1843 3902 2226 3997 adstringat
2249 3932 2270 3989 ς
2301 3927 2464 3974 cave
2479 3928 2552 3973 ne

434 4050 679 4120 parcus
700 4026 793 4094 sis
814 4076 833 4109 ,
866 4050 955 4094 ne
988 4023 1357 4118 suspiciose
1382 4037 1453 4091 et
1490 4018 1727 4090 timide
1754 4042 2027 4090 manum
2056 4020 2444 4091 contrahas.
2465 4020 2550 4088 Ne
