2667 4475
357 271 493 360 438
1138 269 1728 340 ExcERPTA

356 399 543 495 quod
566 415 811 470 natura
835 397 1179 468 desiderat
1194 450 1219 487 ,
1260 416 1327 470 et
1355 401 1492 470 cito
1519 403 1914 495 apponitur.
1947 404 2056 474 Ad
2089 428 2532 502 supervacua

358 514 642 587 sudatur
690 543 709 586 ε
756 515 877 586 illa
923 531 1091 587 sunt
1135 539 1287 610 (με
1332 533 1562 611 togam
1609 534 1886 606 terunt,
1933 544 2092 612 qum
2131 545 2264 590 noa
2313 546 2532 592 sene-

356 657 549 703 scere
586 645 873 726 cogunt,
932 657 1085 726 quae
1122 635 1197 702 in
1232 633 1457 704 aliena
1491 634 1720 704 littora
1759 637 2175 732 impingunt.
2215 639 2332 708 Ad
2371 664 2530 708 ma-

352 777 521 834 num
552 767 697 839 est,
734 748 922 844 quod
956 751 1119 820 satia
1146 766 1275 820 est.
1307 752 1380 820 Si
1408 754 1522 820 cui
1552 777 1674 822 aua
1703 778 1844 822 non
1869 753 2192 825 videntur
2217 757 2530 852 amplis-

353 870 523 938 εἰη
538 917 565 957 ‚
606 868 773 938 licet
808 867 1017 938 totius
1064 865 1308 936 mindi
1346 864 1662 938 dominus
1709 869 1797 938 sit
1809 921 1834 958 ‚
1867 871 2082 940 miser
2113 887 2246 940 est.
2296 871 2530 943 Miser

352 1002 457 1057 est
477 1036 498 1071 ,
544 987 665 1080 qui
716 1009 789 1054 se
838 983 1301 1054 beatissimmn
1346 1009 1488 1054 non
1519 987 1789 1079 judicat
1811 1038 1830 1071 ‚
1885 989 2048 1057 lieet
2087 991 2212 1058 toti
2255 991 2526 1060 mundo

353 1103 671 1195 imperet.
718 1103 872 1171 Non
906 1115 1007 1169 eat
1032 1100 1271 1173 beatus
1294 1151 1314 1185 ,
1360 1102 1482 1193 qui
1517 1123 1590 1168 se
1619 1101 1694 1169 id
1723 1125 1862 1170 non
1889 1117 2084 1195 putat
2109 1126 2286 1171 esse.
2319 1106 2526 1174 Nihil

350 1216 751 1301 habeamus,
780 1217 965 1309 quod
990 1240 1146 1284 cum
1172 1239 1421 1310 magno
1443 1215 1898 1286 emolumento
1919 1218 2314 1288 insidiantia
2333 1223 2522 1315 eripi

350 1335 589 1426 possit.
619 1333 845 1428 Quam
874 1333 1230 1403 minimum
1256 1333 1335 1400 in
1362 1355 1656 1428 corpore
1683 1349 1802 1402 tuo
1827 1335 1918 1405 sit
1940 1333 2340 1428 spoliorum.
2377 1341 2526 1406 Ne—

352 1472 463 1516 mo
491 1446 580 1516 ad
604 1449 979 1516 humanum
992 1449 1399 1540 ‚sanguinem
1425 1449 1615 1516 venit
1640 1466 1921 1542 propter
1948 1451 2170 1541 ipsum
2189 1500 2212 1536 ,
2245 1451 2360 1520 vel
2390 1451 2522 1521 ad-

352 1562 625 1632 modum
660 1565 887 1657 pauci.
917 1562 1193 1632 Nudum
1221 1562 1398 1654 latro
1425 1563 1824 1632 transmittit
1857 1589 1872 1630 :
1907 1564 2110 1632 etiam
2137 1566 2212 1632 in
2241 1565 2523 1636 obsessa

272 1715 287 1732 e
350 1680 465 1748 via
500 1681 789 1771 pauperi
824 1701 957 1771 pax
994 1693 1120 1746 est.
1160 1680 1229 1746 Is
1260 1678 1547 1747 maxime
1580 1677 1841 1747 divitiis
1881 1677 2158 1761 fantur,
2209 1683 2336 1772 qui
2387 1684 2520 1750 mi-

352 1797 537 1863 nime
562 1793 851 1888 indiget.
882 1796 953 1862 Si
974 1793 1063 1862 ad
1089 1809 1397 1863 naturam
1422 1795 1635 1879 vives,
1663 1819 2012 1888 nunquam
2038 1799 2179 1865 eris
2203 1821 2476 1892 pauper
2493 1827 2512 1866 z

354 1913 413 1979 ai
445 1909 534 1977 ad
566 1912 954 2004 opinionem
984 1960 1004 1993 ,
1034 1935 1384 2004 nunquam
1407 1909 1623 1980 dives.
1667 1912 2002 2006 Exiguum
2037 1929 2287 1983 natura
2319 1914 2522 1985 desi-

352 2027 583 2110 derat,
626 2029 1028 2110 immensum
1071 2029 1454 2122 opinio.‘Si
1497 2038 1914 2122 congeratur
1950 2033 2024 2098 in
2062 2046 2132 2100 te
2171 2033 2521 2126 quidquid

350 2142 553 2243 multi
578 2141 951 2234 locupletes
984 2143 1438 2237 possederunt
1459 2193 1478 2226 ,
1517 2145 1576 2211 si
1608 2144 1792 2212 ultra
1830 2147 2170 2240 pn'vatum
2198 2152 2519 2241 ’pecuniae

352 2261 625 2329 modum
651 2260 925 2329 fortuna
952 2277 1018 2329 te
1044 2262 1416 2355 provehat,
1448 2284 1616 2329 auro
1636 2277 1822 2359 tegat
1841 2312 1862 2345 ,
1895 2288 2202 2359 purpura
2223 2268 2508 2347 vestiat,

351 2400 430 2444 eo
463 2375 859 2443 deliciarum
893 2398 1237 2468 opumque
1269 2374 1640 2468 perducat,
1662 2364 1752 2443 'ut
1779 2392 2031 2445 terram
2059 2380 2514 2451 marmoribus

349 2492 723 2561 abscondas
746 2542 765 2572 ,
801 2516 937 2559 non
978 2472 1482 2560 tantum'liceat
1517 2481 1812 2577 habere,
1857 2491 1978 2561 sed
2013 2492 2282 2564 calcare
2319 2496 2512 2567 divi-

348 2610 521 2694 tia83
564 2606 892 2676 accedant
936 2616 1170 2675 statu'ae
1212 2622 1281 2675 et
1317 2600 1644 2699 picturai',
1699 2626 1767 2676 et
1822 2608 2160 2703 quidquid
2206 2636 2322 2681 ars
2371 2615 2510 2683 ulla

344 2726 632 2794 luxuriae
678 2748 846 2792 auro
892 2740 961 2791 et
1010 2712 1293 2817 argento
1348 2711 1762 2824 elaboravit3
1805 2726 2059 2818 majora
2114 2752 2371 2823 cupere
2427 2732 2510 2801 ab

352 2844 463 2911 his
500 2840 745 2911 disces.

445 2958 805 3029 Desideria
836 2947 1172 3027 naturalia
1192 3008 1213 3043 ,
1256 2960 1453 3025 finita
1484 2973 1642 3029 sunt
1677 2984 1694 3025 t
1730 2982 1808 3026 ex
1838 2957 2005 3029 falsa
2031 2963 2362 3055 opinione
2391 2991 2510 3035 na-

352 3078 609 3146 sscentia
628 3128 647 3165 ,
699 3076 821 3145 ubi
860 3074 1174 3143 desinant
1196 3098 1397 3156 ,·non
1431 3070 1714 3143 habent.
1763 3074 2006 3155 Nullus
2041 3079 2225 3146 enim
2273 3084 2508 3149 termi-

352 3217 482 3261 nus
518 3192 684 3261 falso
719 3209 849 3261 est.
884 3192 1175 3260 Veritati
1219 3188 1486 3284 aliquid
1537 3207 1908 3259 extremum
1954 3208 2059 3261 est
2095 3220 2110 3259 z
2143 3218 2341 3264 error
2379 3198 2507 3265 im-

353 3334 625 3377 mensus
656 3325 785 3377 est.
815 3308 1117 3378 Retrahe
1140 3324 1208 3377 te
1238 3332 1405 3403 ergo
1422 3333 1464 3378 a
1492 3309 1684 3377 vanis
1713 3335 1727 3375 z
1755 3324 1825 3377 et
1851 3333 2060 3401 quum
2089 3310 2282 3381 voles
2306 3314 2504 3395 scire,

352 3448 439 3494 an
478 3425 852 3507 naturalem
874 3478 893 3509 ‚
939 3451 1027 3494 an
1068 3450 1313 3494 vanam
1345 3423 1599 3493 habeas
1634 3425 2112 3518 cupiditatem,
2154 3426 2506 3497 considera

352 3566 513 3608 num
547 3540 798 3609 alicubi
834 3542 1180 3609 consistat.
1221 3540 1292 3611 si
1324 3538 1528 3633 longe
1558 3564 1919 3635 progresso
1951 3565 2220 3635 semper
2245 3543 2504 3637 aliquid

347 3655 626 3751 longius
660 3670 866 3724 restat
886 3708 904 3741 ,
949 3658 1118 3724 scito
1151 3654 1225 3723 id
1254 3656 1566 3724 naturale
1598 3680 1737 3749 non
1772 3676 1944 3723 esse.
1989 3658 2363 3751 Paupertas
2395 3682 2504 3727 ex-

350 3774 622 3870 pedita,
671 3798 909 3843 secura
934 3790 1058 3842 est.
1097 3750 1329 3867 Quum
1374 3772 1726 3843 classicum
1765 3774 2058 3860 cecinit,
2093 3776 2222 3843 scit
2257 3800 2397 3844 non
2436 3801 2502 3845 se

352 3897 494 3987 peti
522 3921 539 3960 ι
569 3918 778 3988 quum
806 3892 1037 3984 aliquo
1060 3874 1548 3961 conclamatum
1569 3907 1669 3959 est
1687 3941 1709 3975 ,
1739 3888 2080 3983 quomodo
2101 3910 2298 3962 exeat
2315 3945 2337 3981 ,
2369 3920 2500 3963 non

354 4011 523 4102 quid
556 4010 828 4097 efferat,
862 4012 1125 4102 quaerit.
1156 4010 1241 4078 At
1271 4034 1478 4102 quum
1509 4006 1970 4100 navigandum
1999 4025 2136 4093 est,
2171 4035 2312 4081 non
2340 4028 2502 4079 stm-
