2667 4475
370 287 503 372 484
992 344 997 350 ,
1101 283 1400 354 JUSTI
1447 275 1766 352 mpsn
1851 263 1866 270 ’

369 430 546 488 ardua
568 473 583 502 ‚
620 427 723 488 sed
745 429 821 487 ita
840 449 934 486 me
958 427 1112 486 Deus
1131 472 1147 503 ,
1180 427 1416 508 pulchra
1435 471 1451 502 ,
1485 425 1813 508 splendida,
1841 442 2083 509 aug-usta
2107 431 2552 512 aggredimur:

367 558 491 618 quae
522 548 713 594 autem
740 557 871 592 cum
899 532 1197 606 Lucretio‘,
1230 534 1293 608 1,
1325 531 1406 618 49
1432 557 1446 604 ;

661 651 773 699 Jam
792 649 881 698 tibi
898 648 959 697 de
979 666 1167 698 summa
1184 647 1287 697 caeli
1306 649 1492 698 ratione
1507 685 1522 709 ,
1541 647 1786 716 deumque
1798 684 1815 710 ,

671 743 909 791 Disserere
932 741 1165 810 incipiam
1180 777 1195 801 ‚
1214 747 1265 790 et
1282 758 1447 791 rerum
1461 739 1730 808 primordia
1749 739 1985 808 pandam.

442 843 583 902 Haec
610 843 765 902 enim
793 840 1188 922 Philosophia,
1221 853 1279 901 et
1303 842 1620 923 praesertim
1645 839 2035 924 Ph'ysiologia,
2069 843 2402 924 promittit.

447 951 569 1011 Scis
598 969 769 1033 porro
797 961 855 1008 et
884 947 1091 1008 audisti
1106 993 1122 1023 ,
1152 928 1302 1008 trina
1316 947 1456 1008 'esse
1488 947 1862 1029 Philosophia*e
1889 949 2150 1008 membra
2175 993 2195 1020 ‚
2223 947 2534 1028 logica.

364 1057 671 1138 Physicam
690 1103 705 1126 ,
738 1055 1005 1116 Ethz'cam
1033 1103 1047 1126 ‚
1076 1056 1275 1116 ordine
1302 1055 1600 1116 tractanda
1629 1079 1645 1114 ε
1669 1055 1774 1116 sed
1802 1077 1916 1136 quo
1935 1099 1954 1130 ,
1987 1056 2318 1116 dubitatur.
2361 1054 2538 1114 Lm»

367 1164 481 1222 tius
511 1163 726 1234 Stoicos
746 1164 913 1245 ipsos·
928 1162 1229 1222 dissentire
1262 1163 1415 1223 inter
1439 1183 1502 1222 se
1523 1163 1602 1222 a'it
1627 1159 1728 1244 (in
1751 1159 2006 1243 Zenone)
2033 1185 2051 1220 ε
2084 1189 2114 1214 α
2135 1158 2220 1220 Et
2241 1162 2532 1242 quosdam

362 1271 585 1328 mixtim
614 1269 716 1328 has
749 1268 943 1327 Partes
969 1265 1091 1350 (alii
1120 1267 1296 1327 Locos
1313 1312 1329 1342 ,
1365 1268 1459 1330 alii
1486 1269 1715 1350 Species
1732 1312 1748 1342 ,
1778 1267 2010 1348 quidam
2041 1265 2288 1326 Genera
2319 1268 2538 1349 appel-

361 1375 578 1458 larunt)
611 1376 836 1436 tradere
858 1395 924 1434 ac
947 1373 1150 1433 docere
1171 1417 1187 1447 ,
1221 1374 1321 1454 qui
1343 1386 1581 1434 censent
1603 1375 1774 1433 etiam
1796 1375 1946 1433 inter
1972 1395 2035 1433 se
2061 1374 2348 1434 confusas
2373 1377 2532 1433 mix-

362 1496 566 1564 tasque
596 1505 740 1544 esse.
776 1483 888 1541 Alii
922 1480 1218 1555 dividunt,
1254 1481 1441 1561 inquit
1460 1524 1478 1554 ,
1511 1493 1570 1539 et
1599 1481 1842 1562 primam
1873 1478 2137 1563 Logicam
2161 1493 2442 1541 statuunt
2467 1505 2528 1540 ar

364 1591 604 1662 docent;
632 1590 767 1650 dein
781 1587 1079 1670 Physicam
1104 1599 1424 1668 ;postremo
1438 1585 1699 1645 Ethicam
1723 1587 1904 1668 ipsam
1931 1611 1948 1645 ε
1975 1609 2100 1668 quae
2123 1590 2428 1647 sententia
2447 1603 2528 1648 est

363 1695 607 1756 Zenonis
627 1740 644 1769 ,
674 1695 1009 1775 Chrysippi,
1042 1693 1390 1753 Archidemi.
1429 1693 1542 1753 Alii
1571 1704 1762 1752 autem
1786 1692 1858 1751 ab
1892 1690 2095 1752 Ethica
2115 1693 2438 1768 inchoant,
2467 1709 2526 1755 ut

362 1802 647 1882 Diogenes
667 1825 681 1871 ;
702 1801 797 1860 alii
818 1799 965 1859 hanc
984 1800 1236 1860 secundo
1258 1801 1384 1859 loco
1413 1801 1792 1872 constituunt,
1817 1811 1882 1858 ut
1903 1799 2311 1882 Apollodorus,
2351 1801 2526 1862 Pon-o

362 1919 553 1967 autem
584 1906 861 1966 Panaetius
892 1919 951 1966 et
980 1906 1315 1966 Posidonius
1343 1929 1378 1966 a
1408 1905 1648 1987 Physica
1677 1907 1904 1965 initium
1931 1913 2250 1966 sumuntm·
2282 1907 2435 1968 Haec
2465 1911 2520 1967 in

366 2011 593 2076 Laertio
612 2013 693 2072 ita
709 2013 899 2094 leges,
928 2024 1088 2094 parte
1108 2033 1225 2072 una
1246 2011 1621 2094 ambigenda,
1645 2033 1775 2092 quae
1793 2023 1878 2072 est
1903 2011 1976 2072 de
2007 2010 2356 2094 Chrysippo.
2381 2015 2520 2074 Nam

354 2123 501 2202 ipsa
510 2121 635 2200 ejus
662 2120 882 2180 verba
864 2141 925 2180 m
958 2119 1259 2179 Plutarcho
1301 2119 1479 2178 hahes
1509 2117 1608 2198 (de
1639 2119 1812 2180 Stoic.
1851 2121 2102 2202 pugniS,
2139 2119 2378 2202 initio),
2425 2123 2516 2180 uhi

356 2223 625 2287 Ethicam
652 2227 889 2286 secundo
920 2227 1041 2286 Ioco
1066 2210 1213 2285 tradi
1246 2212 1403 2308 vult',
1429 2238 1494 2284 ut
1517 2223 1928 2305 Apollodorus3
1961 2249 2076 2285 nou
2103 2239 2300 2287 autem
2321 2231 2508 2291 terteb.

362 2346 428 2395 ut
453 2332 545 2392 hic
582 2330 806 2393 Laertio
834 2334 1127 2413 scriptum.
1162 2330 1275 2391 Sed
1304 2329 1562 2412 plerique
1591 2344 1783 2390 tamen
1813 2331 2121 2412 Physt‘cam
2154 2334 2366 2395 ultimo
2395 2337 2514 2395 loco

360 2451 619 2499 statuunt
643 2462 659 2497 τ
688 2451 747 2518 et
772 2440 833 2496 in
859 2439 981 2519 ipsa
1005 2436 1245 2517 Physica
1264 2437 1454 2495 locum
1479 2437 1552 2496 de
1571 2435 1699 2497 Diis
1723 2438 1986 2497 ultimum
2015 2461 2032 2496 ε
2065 2464 2094 2491 ιι
2119 2437 2414 2521 Ideoque,
2441 2446 2512 2501 ait

358 2538 715 2620 Chrysippus
748 2537 971 2619 (Ibid.)
989 2582 1005 2611 ,
1046 2550 1101 2595 et
1126 2534 1366 2596 'Teletas
1411 2534 1505 2618 (ea
1549 2558 1660 2595 vox
1707 2534 1921 2596 Graecis
1953 2536 2155 2597 Finem
2197 2542 2506 2621 significat,

356 2644 612 2724 itemque
640 2642 939 2703 Sacrorum
978 2643 1335 2712 ἰηιϊίαίίοηεε,
1372 2650 1429 2701 et
1456 2640 1620 2722 n'tus)
1646 2638 2006 2723 appellarunt
2023 2688 2040 2716 ,
2071 2642 2415 2707 traditiones
2442 2648 2508 2707 de

358 2750 603 2811 Divinis.
630 2776 657 2803 ιι
683 2748 821 2809 Haec
846 2750 925 2809 ita
944 2748 1033 2807 illi·
1053 2773 1070 2808 ε
1096 2748 1261 2807 nobis
1286 2750 1347 2806 in
1373 2746 1635 2807 dissensu
1651 2792 1668 2822 ,
1695 2746 1927 2807 Panaetii
1949 2762 2004 2808 et
2030 2748 2360 2827 Posidonii,
2393 2778 2508 2814 ma-

361 2878 603 2945 gnorum
628 2868 943 2930 auctorum,
963 2856 1240 2915 sententia
1260 2856 1482 2935 placeat
1498 2899 1514 2930 ,
1535 2868 1591 2914 et
1605 2856 1956 2915 consentiam
1981 2858 2336 2941 sciscamque
2355 2862 2508 2943 Phy-

258 2994 265 2999 ·
358 2964 481 3023 sica
508 2964 694 3045 primo
722 2962 847 3021 loco
874 2960 1043 3021 tradi.
1086 2960 1399 3021 Puer-isne?
1429 2984 1540 3020 non
1571 2962 1924 3022 mehercules
1955 2986 1972 3021 τ
2001 2962 2102 3023 sed
2131 2967 2234 3045 qni
2263 2969 2504 3048 paullum

362 3072 696 3131 maturiores
726 3070 801 3130 ad
828 3068 1187 3148 disciplinam
1218 3068 1365 3127 hanc
1395 3070 1693 3128 accedunt.
1729 3068 2008 3151 Voluptas
2033 3072 2090 3129 in
2117 3094 2185 3131 ea
2207 3086 2372 3153 parte
2391 3100 2504 3134 ms-

361 3178 473 3255 jor,
506 3177 712 3237 idonea
742 3176 815 3237 ad
844 3174 1209 3235 alliciendum
1248 3189 1305 3235 et
1339 3176 1686 3247 tenendum;
1729 3174 1973 3257 dignitas
2010 3178 2182 3237 etiam
2215 3182 2416 3259 major,
2453 3196 2499 3240 et

365 3282 665 3363 splendor,
699 3282 1059 3343 admirationi
1089 3280 1432 3353 excitandae3
1469 3282 1715 3363 denique
1747 3284 1920 3343 animi
1952 3288 2288 3364 praeparatio
2310 3300 2366 3346 et
2387 3290 2500 3347 cu}-

366 3402 489 3461 tus,
526 3389 602 3448 ad
626 3389 894 3448 Echio-am
929 3410 1059 3449 cum
1089 3388 1278 3448 fructu
1308 3386 1673 3448 audiendam.
1714 3388 1914 3470 Itaque
1953 3400 2015 3450 nt
2048 3391 2121 3451 de
2155 3390 2366 3471 Logz’ca
2387 3418 2496 3453 am-

360 3496 557 3575 bigere
586 3494 790 3574 aliquis
814 3496 942 3573 jure
972 3496 1151 3574 possit
1167 3539 1183 3569 ,
1218 3516 1289 3552 an
1318 3516 1436 3553 non
1461 3509 1697 3575 praeeat;
1727 3496 1807 3553 sic
1833 3496 1906 3555 de
1929 3494 2140 3555 Ethica
2157 3541 2173 3571 ,
2199 3499 2298 3557 vix
2317 3499 2488 3559 debet.

366 3600 439 3660 In
468 3598 677 3679 Logica
720 3601 874 3659 enim
918 3598 1271 3659 manifestior
1306 3602 1451 3659 ratio
1469 3645 1485 3675 ,
1525 3602 1678 3681 quod
1706 3604 1859 3661 acuit
1885 3604 2102 3662 animos
2125 3647 2142 3677 ,
2184 3607 2241 3664 et
2267 3606 2336 3665 ad
2371 3608 2488 3667 Veri

368 3708 635 3789 Falsique
678 3706 983 3795 discrimen
1022 3719 1078 3765 et
1111 3706 1390 3786 judicium
1413 3707 1620 3767 format
1659 3710 1815 3768 :imo
1854 3722 1912 3768 et
1947 3712 2100 3770 viam
2125 3712 2490 3795 modumque-

364 3816 623 3876 Scientiae
658 3816 877 3874 sternit.
918 3812 1120 3894 Itaque
1143 3858 1160 3887 ,
1193 3826 1257 3873 ut
1286 3808 1482 3873 verum
1515 3814 1726 3889 fatear,
1769 3816 1958 3897 aliqua
1988 3819 2112 3897 ejus
2143 3822 2339 3880 notitia
2357 3866 2374 3894 ,
2402 3822 2486 3881 sed

368 3922 673 3982 summaria
693 3967 710 3995 ,
732 3921 947 3981 utiliter
963 3921 1334 4001 praemittatur
1357 3944 1374 3979 ε
1402 3928 1602 3981 cae'tera
1626 3925 1823 4003 seponi
1841 3936 2079 4003 possunt
2096 3970 2113 4000 ,
2136 3926 2311 3985 immo
2330 3940 2382 3986 et
2403 3952 2487 3988 ar—

371 4027 539 4105 gntiae
576 4028 769 4089 multae
810 4028 981 4106 abjici
1027 4037 1123 4085 ant
1164 4026 1394 4109 deponi.
1451 4054 1478 4083 κ
1503 4028 1640 4104 Quae
1677 4028 1962 4091 dementia
2003 4042 2122 4105 est,
2163 4052 2484 4113 supervacua
