2667 4475
686 382 829 448 Ex
876 379 1238 447 Llssnls
1283 377 1741 451 SENECAE.
2157 377 2285 462 403

930 571 1267 626 Pmscmnus
1280 607 1295 635 ,
1316 569 1406 621 lib.
1426 571 1542 623 Vll.

254 708 371 794 4ο.
410 709 665 777 Seneca
700 703 1023 773 Ovidium
1062 727 1353 796 sequens
1399 731 1414 769 ε

550 846 783 917 Gausapa
798 844 841 897 si
861 844 1073 917 sumpsit
1090 847 1129 909 ¹,
1149 862 1366 917 gausapa
1383 854 1579 916 sumpta
1598 844 1769 917 proba.

705 1036 1024 1091 Coucmmn
1049 1036 1385 1089 Tunommsx
1409 1036 1492 1100 11,
1525 1034 1648 1089 Can.
1673 1052 1759 1089 xv.

258 1172 340 1258 41
363 1223 378 1240 .
422 1170 652 1264 Aliqui
697 1146 924 1251 Laici}
969 1168 1126 1236 dum
1170 1166 1435 1237 diversa
1471 1184 1868 1263 perpetrant
1899 1171 2233 1241 adulteria
2268 1222 2287 1257 ,

150 1288 290 1356 hoc
328 1284 512 1378 quod
552 1284 637 1350 de
680 1306 753 1351 se
798 1284 1022 1351 sciunt
1048 1333 1069 1365 ,
1122 1282 1197 1350 in
1236 1281 1390 1350 aliis
1443 1286 1915 1377 suspicantur,
1983 1288 2153 1355 sicut
2199 1289 2294 1356 ait

149 1407 413 1473 Seneca
439 1451 462 1488 ‚
502 1427 534 1464 «
574 1400 937 1493 pessimum
963 1400 1039 1465 in
1064 1423 1143 1466 eo
1173 1400 1410 1467 vitium
1442 1423 1586 1491 esse
1603 1450 1626 1487 ‚
1660 1402 1780 1493 qui
1808 1403 1884 1469 in
1911 1402 1986 1469 id
2019 1426 2156 1494 quo
2181 1403 2292 1471 in-

147 1518 339 1587 sanit
357 1567 379 1602 ,
413 1531 689 1583 caeteros
714 1528 907 1607 putat
934 1514 1187 1581 furem
1231 1541 1262 1576 »
1310 1512 1317 1517 ’

152 1738 525 1805 esse‚MeIam·
562 1732 815 1787 Omnibus
859 1731 993 1783 enim
1037 1745 1184 1785 notus
1353 1746 1393 1784 t.
1442 1730 1702 1801 Gausapa
1736 1737 1788 1787 se·
1808 1738 2049 1803 sumpsit.
2080 1736 2169 1788 Est
2195 1736 2297 1809 ipse

152 1829 235 1869 est
261 1814 573 1889 Pomponius
614 1812 753 1866 Mela
780 1848 797 1877 ,
842 1811 981 1881 cujus
1028 1823 1186 1863 exstat
1279 1814 1455 1867 Ovidii
1470 1815 1774 1881 versus,lib.
1791 1817 1842 1869 Π
1873 1818 1935 1869 de
1961 1820 2078 1871 Arte
2109 1820 2301 1872 Aman-

153 1893 291 1945 libcr
317 1894 382 1945 de
408 1896 513 1944 sim
532 1890 671 1943 orbis
689 1930 704 1957 ,
738 1908 895 1959 quum
924 1886 1063 1940 nulla
1102 1888 1179 1939 ἢ-
1277 1886 1349 1941 di.
1368 1890 1503 1962 Ergo
1527 1894 1633 1944 vult.
1653 1893 1734 1946 hie
1758 1894 2003 1947 Prisciani
2023 1894 2160 1949 locus
2175 1934 2190 1963 ,
2213 1898 2299 1951 Se·

154 1970 263 2027 lius
304 1968 525 2021 Melonis
571 1966 700 2040 apud
754 1978 941 2019 veteres
987 1964 1177 2018 mentio
1277 1989 1454 2023 necarn
1499 1992 1606 2023 non
1639 1992 1836 2025 versum
1884 1972 2134 2047 scripsisse
2161 2018 2175 2042 ‚
2211 1978 2298 2029 sed

151 2046 267 2100 fiat.
286 2047 389 2099 En.
1276 2048 1370 2100 illo
1397 2050 1626 2123 enemplo
1659 2050 1919 2121 Gausapa
1945 2053 2189 2107 extulisse.

248 2509 368 2572 His
392 2509 741 2593 fragmentis
774 2507 1051 2570 nonnulli
1080 2511 1302 2570 addunt
1332 2505 1694 2571 Orationem
1728 2507 1970 2573 Senecae
2003 2513 2080 2574 ad
2107 2512 2305 2576 Nero-

156 2641 311 2682 nem
329 2664 347 2696 ‚
384 2639 499 2699 qua
524 2616 918 2701 philosophus
942 2628 1149 2676 noster
1170 2613 1616 2698 Imperatorem
1637 2663 1655 2694 ,
1692 2639 1876 2698 quum
1900 2622 1974 2682 ad
2005 2622 2306 2686 deteriora

158 2724 457 2788 inclinare
486 2737 763 2788 cerneret
782 2769 800 2800 ‚
834 2743 1015 2805 seque
1049 2722 1232 2784 variis
1273 2723 1783 2786 criminationibus
1809 2725 2064 2805 incessi,
2113 2731 2308 2792 oravit

158 2849 232 2897 nt
255 2831 371 2896 sihi
392 2833 453 2893 in
480 2832 667 2893 otium
685 2834 967 2895 secedere
996 2829 1224 2892 liceret.
1244 2829 1380 2891 Nos
1401 2851 1580 2908 vero,
1611 2853 1796 2912 quum
1816 2835 1942 2915 jam
1973 2837 2168 2898 oratio
2199 2839 2304 2900 illa

156 2949 229 3009 in
262 2956 467 3006 nostra
489 2938 685 3002 Taciti
708 2937 965 3000 editione
993 2937 1216 2998 inserta
1242 2935 1455 3013 fuerit,
1501 2950 1561 2998 et
1597 2951 1890 3021 praeterea
1913 2942 2305 3008 dubitandum

158 3055 245 3117 sit
281 3073 359 3113 an
396 3049 582 3132 ipsius
620 3045 861 3109 Senecae
900 3045 1087 3107 i'erba
1120 3066 1156 3106 a
1184 3045 1399 3107 Tacito
1430 3045 1622 3108 relata
1658 3062 1853 3110 essent
1875 3095 1893 3126 ,
1931 3053 2153 3135 quippe
2204 3057 2306 3137 qui

158 3162 277 3245 (ut
302 3159 431 3242 ipse
459 3155 675 3217 fatetur
696 3153 915 3216 Annol.
944 3149 1094 3230 XV,
1129 3173 1181 3215 c.
1212 3149 1294 3213 63
1324 3151 1468 3230 fin.)
1490 3151 1749 3217 aliorum
1783 3155 1968 3219 verba
2003 3159 2304 3225 invertere

160 3263 445 3342 solebat,
480 3263 635 3324 hanc
672 3260 1010 3322 orationem
1041 3259 1348 3343 praeterire
1381 3259 1564 3322 satius
1597 3262 1902 3338 duximus,
1937 3280 2177 3330 nostros
2221 3269 2308 3331 le-

158 3389 370 3437 ctores
401 3370 479 3432 ad
507 3369 703 3454 ipsum
743 3367 1021 3429 Tacitum
1050 3365 1194 3448 (lib.
1228 3364 1388 3426 XIV
1413 3369 1634 3428 Annal.
1659 3389 1790 3451 cap.
1814 3370 1892 3432 53
1916 3417 1932 3446 ‚
1962 3371 2082 3452 54)
2103 3376 2308 3438 remit-

160 3495 380 3545 tentes.
