2667 4475
801 338 1345 423 ⁵EPISTOLA
1394 340 1675 409 CXIV.
2180 342 2309 412 265

172 496 533 569 crepacem
567 471 809 539 molam
843 499 858 538 :
885 510 978 525 —
997 472 1218 541 focum
1254 487 1469 539 mater
1496 488 1614 539 aut
1647 495 1815 539 uxor
1842 472 2233 541 investium.
2268 500 2301 539 ι)

167 594 442 658 -Νοιι
462 590 682 657 atatim
697 638 720 674 ,
743 611 954 681 quum
973 586 1122 655 baee
1141 587 1389 680 legeris
1404 636 1423 669 ‚
1450 584 1583 655 hoc
1608 586 1729 655 tibi
1750 604 2060 656 occurret
2080 638 2099 671 ,
2124 588 2309 657 hunc

170 729 352 791 esee,
376 706 496 798 qui
516 704 748 773 solutis
767 705 1015 773 tunicis
1031 705 1104 771 in
1125 703 1312 773 Urbe
1334 690 1603 796 semper
1620 703 2018 773 incesserit?
2038 705 2069 793 (
2087 708 2265 772 'nam
2283 754 2302 787 ,

169 824 384 891 etiam
405 842 616 913 quum
639 820 937 890 absentis
957 821 1234 891 Caeearis
1261 819 1569 913 partibus
1594 820 2019 914 fungeretur,
2040 821 2309 915 signum

167 962 214 1005 a
243 936 578 1005 discincto
597 942 622 971 ²
651 936 1006 1030 petebatur
1032 963 1050 1003 z
1073 936 1104 1026 )
1130 936 1318 1005 hunc
1342 958 1490 1004 esse
1510 984 1533 1020 ‚
1574 936 1695 1027 qui
1738 936 1811 1002 in
1840 934 2203 1019 tribunali,
2234 937 2309 1005 in
2364 964 2389 1012 ‘7

169 1054 454 1133 rostris,
499 1055 572 1120 in
607 1055 788 1121 omui
825 1053 1100 1147 publico
1141 1069 1320 1122 eoetu
1342 1102 1359 1135 ,
1399 1052 1497 1119 sie
1534 1053 1961 1143 apparuerit,
1994 1066 2075 1119 ut
2104 1050 2311 1144 pallio

165 1168 522 1237 velaretur
548 1186 751 1264 caput
769 1164 824 1255 ³,
859 1170 1144 1239 exclusis
1179 1170 1521 1261 utrimque
1552 1164 1831 1235 auribus
1850 1215 1868 1248 ,
1912 1191 2049 1235 non
2070 1166 2306 1249 aliter,

166 1310 380 1378 quam
407 1287 482 1353 in
525 1265 727 1355 mimo
763 1278 1086 1369 Diuites-⁴,
1125 1285 1394 1379 fugitivi
1423 1284 1685 1353 solent?
1714 1282 1901 1351 hunc
1929 1306 2075 1351 esee
2094 1332 2113 1365 ‚
2152 1284 2263 1351 cui
2286 1332 2308 1367 ,

164 1412 345 1467 tunc
377 1401 664 1467 maxime
685 1392 707 1434 ⁵
754 1398 1068 1468 civilibus
1116 1398 1318 1467 bellis
1362 1394 1861 1489 strepentibus,
1914 1411 1984 1463 et
2028 1394 2315 1463 sollicita

165 1514 352 1582 urhe
393 1530 462 1582 et
491 1530 785 1601 armata,
835 1516 1188 1583 comitatus
1235 1506 1399 1581 hic⁶
1439 1512 1644 1580 fuerit
1678 1512 1751 1578 in
1787 1508 2101 1603 publico,
2149 1532 2315 1603 spa-

165 1628 392 1697 donee
426 1629 594 1710 duo,
635 1629 847 1721 magis
875 1644 1100 1695 tamen
1124 1629 1258 1695 viri
1287 1650 1488 1717 quam
1524 1626 1712 1719 ipse?
1748 1626 1934 1693 hunc
1971 1648 2155 1711 esse,
2194 1627 2311 1717 qui

159 1764 452 1811 uxorem
487 1741 730 1819 millies
758 1740 981 1823 duxit,
1010 1766 1220 1833 quum
1254 1764 1459 1807 unam
1492 1736 1845 1805 habuerit⁷
1869 1739 2080 1806 PHaee
2106 1739 2312 1809 verba

163 1872 308 1923 tam
341 1854 652 1946 improbe
681 1867 973 1939 structa,
1017 1868 1154 1919 tam
1183 1852 1616 1945 negligenter
1639 1848 1899 1943 abjecta
1924 1899 1943 1932 ‚
1988 1866 2123 1919 tam
2146 1875 2314 1921 con-

169 1988 278 2037 tra
339 1967 894 2037 consuetudinem
947 1970 1248 2035 omnium
1293 1967 1515 2061 posita
1546 2016 1565 2049 ,
1620 1964 1984 2034 ostendunt
2008 2017 2029 2049 ‚
2090 1990 2313 2037 mores

162 2108 448 2176 quoque
491 2108 630 2151 non
665 2085 888 2151 minus
931 2106 1138 2152 novos
1179 2097 1248 2150 et
1282 2105 1527 2177 pravos
1559 2099 1628 2150 et
1663 2082 2043 2175 singulares
2074 2084 2303 2151 fuisse.

157 2201 462 2268 Maxima
499 2199 642 2268 laus
664 2190 689 2233 ⁸
722 2200 826 2267 illi
861 2198 1190 2267 tribuitur
1217 2194 1754 2270 mansuetudinis
1788 2222 1803 2263 ε
1833 2198 2144 2290 pepercit
2174 2196 2311 2291 gla-
2362 2211 2393 2259 8

161 2317 286 2386 dio
309 2365 330 2396 ‚
373 2319 705 2407 sanguine
741 2315 1108 2400 abstinuit3
1150 2337 1280 2382 nec
1313 2315 1453 2382 ulla
1494 2313 1627 2381 alia
1664 2337 1775 2396 re,
1828 2312 1997 2405 quid
2039 2329 2309 2405 posset,

164 2457 380 2525 quam
410 2431 682 2500 licentia
699 2481 718 2514 ,
751 2429 1070 2500 ostendit.
1103 2433 1296 2497 Hanc
1321 2431 1537 2522 ipsam
1564 2428 1829 2496 laudem
1857 2451 2045 2497 suam
2074 2451 2317 2496 corru-
2350 2433 2355 2438 ’

161 2551 276 2642 pit
305 2549 454 2617 istis
487 2547 806 2616 orationis
836 2545 1431 2640 portentosissimae
1466 2542 1731 2611 deliciis
1763 2567 1781 2609 τ
1813 2557 2097 2636 apparet
2132 2543 2310 2610 enim

163 2663 447 2734 mollem
483 2663 725 2748 fuisse,
762 2685 903 2729 non
948 2661 1203 2729 mitem.
1258 2663 1405 2728 Hoc
1446 2661 1587 2728 istae
1618 2657 1939 2752 ambages
1972 2660 2313 2752 composi—

162 2778 374 2846 tionis
396 2825 414 2858 ‚
458 2775 590 2844 hoc
623 2774 834 2844 verba
863 2789 1238 2844 tmnsversa
1257 2823 1278 2856 ,
1313 2773 1447 2841 hoc
1475 2796 1709 2841 sensus
1728 2823 1747 2857 ‚
1783 2775 2011 2868 magni
2033 2771 2311 2866 quidem

2490 702 2539 718 χ

161 3015 292 3049 nem
323 2992 559 3047 describit
583 2991 671 3064 qni
697 3012 792 3046 nee
821 2992 1026 3066 genium
1049 2990 1190 3064 genii
1287 2991 1433 3044 Alias
1454 3003 1526 3045 est
1548 2991 1890 3046 delicatorum.
1916 2991 1996 3046 Cf.
2018 2991 2171 3066 Lipeii
2193 2993 2309 3046 Am·

163 3077 300 3128 sesto
326 3071 504 3146 placat.
521 3071 670 3142 Lips.
1177 3093 1189 3104 ·
1288 3071 1557 3145 phitheatr.
1584 3093 1627 3125 e.
1652 3091 1730 3125 πο.
1752 3073 1931 3125 ΒυῙιΙε.

237 3171 258 3203 1
271 3189 288 3203 .
312 3149 460 3202 Nam
479 3169 690 3218 quum...
701 3149 1017 3217 fungeretur.
1039 3146 1194 3201 Ρη·
1357 3151 1405 3216 4.
1430 3151 1646 3202 Diuites.
1681 3149 1887 3202 Rectius
1924 3149 2093 3201 forsan
2128 3149 2308 3203 De’oe‘te

159 3231 329 3284 fectus
343 3227 498 3280 Urbis
516 3239 566 3279 et
577 3224 903 3279 Italiae.Vide
915 3223 1193 3277 Tacit-An·
1292 3225 1373 3278 ed.
1390 3226 1559 3279 Ruhk.
1586 3247 1641 3280 ex
1666 3226 1825 3295 Lipsii
1845 3227 2053 3298 coniect.
2076 3226 2239 3282 Schw-

161 3307 272 3360 τιεί.
297 3305 373 3356 vl
391 3342 406 3366 ,
441 3323 514 3356 n.
541 3302 718 3375 Elegia
739 3304 796 3354 in
823 3301 1020 3355 obitum
1040 3302 1188 3357 Mac
1356 3307 1403 3358 5.
1454 3305 1600 3360 Tunc
1651 3310 1934 3371 maxime,
1986 3325 2093 3358 non
2142 3326 2304 3376 quum

163 3406 248 3454 ²⁷·
272 3380 546 3436 Petronius
578 3381 640 3434 de
671 3381 854 3434 Mutat.
891 3379 1192 3453 Reip..rom.
1287 3387 1555 3449 maa-ime,
1581 3403 1634 3436 a.
1653 3403 1695 3438 c.
1716 3383 1788 3436 R.
1811 3384 1881 3436 A.
1909 3383 2073 3437 Schw-
2194 3417 2199 3420 -

167 3469 278 3537 (ap.
299 3461 636 3514 Wernedorf.
668 3461 730 3515 P.
763 3461 820 3512 L.
847 3462 922 3514 M.
940 3461 1058 3518 Vol.
1079 3461 1188 3527 111,
1352 3461 1401 3514 6.
1426 3463 1715 3515 Comitatus
1746 3463 2023 3536 lu‘cjioen‘t.
2052 3461 2139 3516 sic
2160 3461 2304 3515 fidu-

163 3567 214 3616 p.
241 3543 312 3597 26
329 3547 468 3613 sqq.)
485 3541 665 3595 Ruhk.
1288 3540 1419 3594 eiam
1438 3577 1453 3604 ,
1487 3559 1640 3610 quam
1677 3539 1732 3591 in
1772 3539 1963 3611 populo
2000 3552 2299 3608 reponeret,

228 3641 282 3674 ·.ι.
300 3619 584 3673 Discincto.
604 3620 792 3673 Parum
812 3619 1053 3672 militari:
1074 3640 1186 3692 opp.
1288 3620 1474 3693 optime
1490 3620 1786 3675 monstravit
1804 3619 2015 3691 publice.
2036 3619 2115 3674 Cf.
2137 3619 2301 3673 Wie-

164 3700 452 3762 aeeinetus,
477 3696 786 3769 procinctus.
811 3696 1009 3750 nubea.
1029 3697 1092 3750 de
1113 3699 1190 3750 Re
1287 3699 1427 3753 land.
1452 3700 1487 3752 l.
1507 3699 1542 3752 l.
1566 3721 1615 3774 p.
1640 3701 1714 3752 15.
1733 3699 1909 3752 Ruhk.

165 3773 1156 3857 Vati-r.1‚6;Ep.xc11,fin.Ruhk
1358 3800 1402 3846 7.
1433 3779 1614 3850 Quum
1643 3797 1805 3830 unam
1829 3777 2075 3830 habuerit.
2097 3775 2303 3827 Teren-

231 3855 277 3906 3.
307 3854 474 3908 Hunc
499 3873 658 3908 esse...
663 3866 872 3921 .capue.
906 3855 1184 3920 Fortassis,
1287 3857 1409 3910 tiam
1428 3893 1441 3919 ,
1470 3875 1585 3908 cum
1622 3875 1723 3926 que
1760 3855 1955 3908 assidua
1990 3853 2183 3925 jurgia,
2210 3853 2301 3905 di-

164 3951 279 4002 quae
311 3945 386 3985 est
417 3931 715 3983 Wielandi
684 3951 720 3983 ιι
755 3931 1018 4005 ingeniosa
1055 3952 1189 3984 con—
1287 3934 1447 3986 vortia
1464 3973 1477 3999 ,
1504 3933 1781 4004 iterumque
1808 3931 2063 4007 conjugia.
2082 3930 2213 3983 Vide
2236 3930 2300 3981 «le

161 4009 381 4079 iectura,
415 4021 614 4083 propter
644 4021 962 4080 perpetuam,
983 4029 1083 4079 qua
1104 4010 1190 4063 la-
1287 4011 1581 4063 provident.
1605 4009 1661 4075 3,
1692 4031 1739 4082 9.

165 4087 409 4155 berabat,
431 4086 627 4140 febrim.
643 4087 776 4140 Plio.
793 4088 860 4140 N.
879 4089 1088 4150 uvn,
1113 4090 1187 4140 51.
1356 4088 1401 4140 8.
1436 4087 1690 4142 Maxima
1728 4091 1897 4142 laus...
1925 4089 2161 4141 ostendit.
2180 4087 2299 4142 Tc·—

15 4170 31 4207 4
581 4195 588 4204 -
1566 4179 1571 4184 .
