2667 4475
716 297 776 363 E
822 298 1170 368 leus
1219 299 1668 370 SENECAE.
2127 302 2260 388 455

966 535 1049 574 DE
1091 535 1422 576 Jusrtru.

224 695 413 794 Quid
448 712 551 764 est
580 697 841 790 justitia
862 747 881 780 ,
925 695 1350 772 nisi.naturae
1385 701 1589 768 tacita
1624 700 1984 768 conventio
2028 700 2100 767 in
2141 700 2264 768 ad-

116 817 453 910 jutorium
482 813 845 882 multorum
873 815 1148 884 inventa
1180 819 1504 886 1³Justitia
1525 841 1662 886 non
1688 833 1915 887 nostra
1937 820 2268 888 constitu-

123 934 226 1001 tio
252 943 277 1014 2'
312 931 431 1000 sed
465 930 695 999 divina
732 931 840 1000 lex
881 945 1019 1012 est,
1070 949 1136 1000 et
1163 933 1514 1002 vinculum
1551 935 1886 1003 societatis
1924 934 2279 1016 humanae„

124 1051 214 1118 In
245 1048 374 1116 hac
418 1071 557 1115 non
605 1062 709 1116 est
748 1045 941 1140 quod·
972 1050 1378 1117 aestimemus
1411 1033 1582 1141 quia
1615 1047 1972 1143 expediat,
2017 1052 2272 1145 expetit

126 1163 260 1232 tibi
296 1163 626 1257 quicquid
664 1163 782 1232 illa
816 1165 1195 1234 dictaverit.
1248 1165 1582 1258 Quisquis
1613 1190 1780 1260 ergo
1812 1166 1993 1235 hanc
2028 1169 2270 1236 sectari

128 1276 517 1359 desideras,
560 1279 779 1347 Deum
825 1278 985 1346 time
1026 1279 1219 1373 prius
1264 1293 1333 1348 et
1373 1301 1518 1348 ama
1554 1331 1572 1361 ,
1622 1295 1698 1347 ut
1737 1283 1986 1348 ameris
2016 1306 2057 1349 a
2091 1283 2278 1362 De0.

130 1392 462 1462 Amabilis
488 1393 625 1461 eris
663 1393 808 1462 Deo
834 1442 853 1476 ,
904 1395 961 1462 si
996 1396 1067 1461 in
1118 1395 1250 1463 hoc
1288 1394 1481 1462 illum
1519 1393 1938 1481 imitaberis,
1980 1411 2056 1464 ut
2105 1397 2274 1464 velis

126 1510 448 1582 omnibus
480 1511 803 1603 prodesse
837 1527 905 1578 et
933 1510 1106 1579 nulli
1142 1535 1432 1596 nocere.
1459 1515 1545 1579 Et
1583 1529 1746 1580 tunc
1785 1527 1853 1580 te
1876 1513 2137 1605 justum
2164 1515 2273 1581 vi-

126 1651 297 1712 rum·
318 1626 760 1720 appellabunt
811 1650 1043 1696 omnes
1066 1679 1083 1710 ,
1147 1642 1556 1720 sequentur,
1605 1627 2154 1711 venerabuntur,
2207 1644 2284 1697 et.

128 1741 451 1835 diligent.
489 1743 719 1811 Justus
752 1717 934 1811 enim
972 1757 1051 1810 ut
1082 1743 1175 1810 sis
1205 1741 1344 1811 non
1377 1743 1591 1813 solum
1625 1768 1762 1812 non
1800 1743 2114 1831 nocebis,
2154 1741 2277 1814 sed

126 1861 334 1927 etiam
368 1876 691 1928 nocentes
729 1858 1162 1953 prohibebis3
1202 1883 1356 1928 nam
1381 1858 1480 1927 nil
1509 1884 1756 1930 nocere
1784 1885 1922 1930 non
1949 1877 2052 1929 est
2068 1862 2278 1955 justi-

125 1977 265 2056 tia,
308 1975 424 2043 sed
454 1975 860 2044 abstinentia
895 1975 1113 2043 alieni·
1140 1990 1262 2044 est.
1302 1973 1406 2044 Ab
1435 1976 1543 2043 his
1577 2001 1742 2069 ergo
1778 1978 2007 2070 incipe
2034 1994 2112 2046 ut
2138 2003 2276 2047 non

126 2092 402 2161 auferas
425 2143 443 2174 ,
490 2106 567 2159 ut
600 2089 686 2160 ad
720 2093 984 2185 majora
1022 2092 1462 2185 proveharis,
1506 2109 1576 2160 et
1621 2092 1772 2160 aliis
1811 2093 2035 2161 ablata
2069 2097 2278 2162 resti-

122 2227 309 2278 tuas.
332 2211 659 2302 Raptores
688 2231 959 2303 quoque
986 2211 1193 2303 ipsos,
1224 2233 1313 2278 ne
1340 2209 1492 2278 aliis
1520 2209 1806 2283 timendi
1831 2211 1991 2291 sint,
2025 2211 2278 2303 castiga

126 2345 201 2394 et
232 2326 473 2395 cohibe
515 2327 651 2416 (al.
689 2325 1049 2420 prohibe).
1085 2329 1183 2393 Ex
1207 2325 1394 2393 nulla
1417 2326 1602 2392 vocis
1635 2325 2076 2419 ambiguitate
2113 2351 2282 2394 con-

132 2441 535 2508 troversiam
565 2454 793 2507 nectes
816 2490 837 2524 ,
870 2439 991 2507 sed
1015 2439 1223 2506 animi
1252 2438 1642 2530 qualitatem
1679 2439 2052 2531 speculare.
2087 2442 2296 2510 Nihil·

130 2560 267 2627 tibi
300 2537 567 2626 intersit
597 2580 685 2627 an
718 2558 949 2625 firmes
984 2558 1118 2645 (al.
1149 2556 1593 2646 confirmes),
1636 2577 1726 2623 an
1747 2556 1966 2649 jures.
2004 2558 2109 2627 De
2138 2557 2279 2627 fide

128 2692 205 2745 et
252 2674 581 2767 religione
622 2676 793 2742 scias
827 2676 941 2767 agi
981 2672 1396 2764 ubicumque
1443 2670 1528 2741 de
1569 2674 1856 2743 veritate
1894 2689 2220 2751 tractatur
2253 2704 2294 2762 3¹

128 2816 294 2861 nam
320 2792 377 2861 si
392 2790 845 2885 jurejurando
870 2794 1055 2859 Deus
1080 2791 1438 2859 invocetur
1465 2840 1493 2873 ,
1517 2804 1588 2859 et
1614 2814 1754 2859 non
1779 2792 2122 2863 invocanti
2151 2808 2282 2861 tes-

134 2914 227 2981 tis
256 2924 381 2991 est,
411 2924 637 2977 tamen
664 2931 805 2975 non
832 2908 1151 2976 transibis
1176 2908 1554 2989 veritatem,
1581 2931 1669 2976 ne
1687 2909 1967 3001 justitiae
1977 2924 2306 2983 transeas.

130 3030 391 3119 legem.
424 3022 633 3123 Quod
658 3025 715 3092 si
744 3022 1113 3116 aliquando
1145 3026 1506 3093 coarcteris
1531 3026 1631 3092 uti
1667 3024 2018 3103 mendacio
2035 3076 2058 3107 ,
2086 3042 2281 3097 utere

128 3166 281 3211 non
304 3141 393 3209 ad
426 3141 575 3209 falsi
597 3190 618 3225 ,
653 3140 775 3209 sed
800 3140 889 3208 ad
913 3142 1060 3209 veri
1096 3139 1512 3227 custodiam3
1545 3157 1615 3209 et
1642 3143 1700 3213 si
1727 3142 2090 3234 contigerit
2112 3141 2283 3211 fide-

130 3260 401 3326 litatem
422 3256 776 3327 mendacio
798 3257 1077 3337 redimi,
1110 3280 1249 3325 non
1274 3257 1624 3324 mentieris
1640 3306 1662 3342 ,
1695 3255 1816 3325 sed
1832 3258 2056 3350 potius
2081 3280 2285 3326 excu-

130 3374 403 3443 saberis
428 3424 447 3460 ,
484 3374 647 3466 quia
680 3372 803 3441 ubi
846 3372 1131 3443 honesta
1164 3396 1366 3441 causa
1383 3372 1544 3467 esst,
1580 3373 1808 3465 justus
1843 3388 2102 3441 secreta
2145 3396 2282 3441 non

132 3488 723 3591 prodit3tacen31a
748 3490 931 3557 enim
956 3504 1135 3558 tacet
1153 3540 1173 3572 ‚
1204 3488 1548 3584 loquenda
1568 3489 1874 3581 loquitur
1891 3539 1910 3569 ,
1941 3505 2148 3582 atque
2181 3488 2282 3556 illi

131 3620 383 3701 aperta
428 3620 499 3673 et
532 3629 771 3673 secura
809 3604 1262 3703 tranquillitas
1288 3656 1306 3690 ,
1360 3622 1442 3675 ut
1468 3605 1630 3675 dum
1675 3606 1793 3682 alii
1841 3606 2205 3673 vincantur
2245 3628 2285 3671 a

134 3718 345 3791 malis
366 3773 384 3804 ,
419 3723 781 3790 vincantur
804 3722 891 3789 ab
920 3720 1039 3789 illo
1072 3722 1267 3791 mala.
1309 3727 1473 3794 Haec
1506 3748 1670 3819 ergo
1704 3725 1760 3792 si
1793 3724 2064 3792 studere
2097 3746 2288 3790 cura-

134 3840 331 3909 veris
363 3890 382 3921 ,
435 3840 629 3908 laetus
655 3856 724 3907 et
759 3838 1144 3932 intrepidus
1177 3864 1416 3910 cursus
1452 3844 1554 3911 tui
1591 3844 1800 3911 finem
1829 3838 2280 3933 exspectabis,

134 3956 523 4051 prospicies
566 3954 715 4024 haec
760 3956 979 4024 tristia
1024 3956 1231 4049 hujus
1276 3958 1514 4027 mundi
1565 3958 1840 4041 hilaris,
1878 3956 2286 4025 tumultuosa

136 4075 425 4167 quietus
455 4123 477 4157 ,
520 4089 817 4142 extrema
846 4098 1147 4142 securus.
