2667 4475
453 362 954 434 PHYsloL.
1013 363 1523 437 STOICOR.
1574 366 1769 434 LIB.
1822 366 1925 433 11.
2120 370 2253 439 621

93 508 285 587 Quod
307 508 404 569 ille
421 520 613 569 tamen
630 508 864 589 proprie
883 505 956 567 ‹le
974 505 1318 569 Britannicis
1337 507 1537 567 insulis
1559 509 1867 583 intellexit,
1890 520 1947 571 et
1964 510 2025 569 in
2043 509 2268 575 Claudii

93 617 348 701 gratiam
394 616 643 696 scripsit.
687 614 876 695 Magis
914 634 1022 695 pro
1063 612 1262 685 nobis,
1299 614 1457 695 quod
1494 613 1652 676 idem
1680 617 1845 675 timet
1864 659 1883 689 ‚
1924 629 1983 678 et
2010 618 2268 679 timendo

91 724 350 785 rdstruit
377 719 457 803 (V
485 720 694 797 Quaest.
730 742 858 802 cap.
893 716 1029 799 ult.)
1055 742 1072 777 ε
1104 744 1132 771 «ι
1161 719 1334 781 Unde
1366 722 1517 794 seio,
1550 744 1625 781 an
1654 745 1806 785 nune
1828 724 2031 804 aliquis
2050 746 2267 807 magun

91 830 292 913 gentis
325 830 387 888 in
418 826 616 889 abdito
633 826 912 901 ,dominus
929 868 947 900 ,
981 826 1222 885 sortunae
1249 825 1607 909 indulgentia
1632 842 1888 903 tumens,
1923 853 2041 891 non
2070 834 2269 893 conti-

89 949 246 997 neat
275 937 428 996 intra
457 935 732 994 terminos
763 954 918 995 arma
937 977 956 1007 ‚
989 955 1062 993 an
1094 947 1260 1015 paret
1289 934 1497 994 classes
1518 978 1534 1007 ,
1568 937 1761 1017 ignota
1790 936 2067 997 moliens?
2094 938 2269 999 Unde
2362 928 2375 941 ⁸

89 1045 248 1119 seio,
269 1042 364 1102 hic
383 1040 547 1115 mihi,
573 1063 647 1101 an
671 1041 768 1100 ille
789 1046 996 1101 ventus
1010 1040 1228 1101 bellum
1249 1040 1507 1101 invehet⁸
1530 1042 1555 1101 2
1580 1068 1609 1095 u
1636 1042 1828 1103 Palam
1848 1044 2129 1121 ostendit,
2150 1066 2270 1107 ma-

87 1170 250 1232 gnos
279 1170 444 1231 reges
467 1159 526 1207 et
549 1158 747 1229 gentes
767 1190 784 1220 ,
821 1145 970 1206 ultra
997 1146 1178 1206 maria
1196 1189 1213 1220 ,
1249 1146 1471 1227 ignotos
1499 1168 1643 1207 esse.
1678 1146 1799 1207 lllis
1830 1150 2077 1230 ignotos,
2104 1152 2271 1211 nobis

88 1255 428 1316 noscendus
459 1278 475 1312 ε
508 1255 646 1315 alibi
677 1254 848 1313 etiam
885 1254 957 1312 ab
1002 1274 1070 1311 eo
1108 1250 1441 1333 praedictum
1468 1252 1623 1334 (VII
1652 1239 1864 1327 Quaesl.
1886 1300 1903 1329 ,
1946 1278 2073 1337 cap.
2120 1256 2267 1339 3ι)ε

92 1394 125 1419 «ι
175 1364 368 1425 Multa
419 1362 706 1423 venientis
743 1362 846 1421 aevi
891 1360 1137 1441 populus
1185 1362 1379 1441 ignota
1410 1359 1576 1419 nobis
1608 1362 1767 1421 sciet.
1824 1362 2011 1422 Multa
2055 1366 2271 1424 saeculis

88 1472 314 1531 futuris
335 1513 352 1543 ,
385 1490 565 1549 quum
595 1467 872 1527 memoria
903 1469 1082 1527 nostri
1113 1467 1427 1527 exoleverit
1442 1510 1459 1539 ‚
1504 1479 1889 1527 reservantur.
1926 1467 2139 1529 Pusilla
2180 1492 2272 1531 res

86 1578 364 1638 Mun-dus
395 1587 480 1634 est
497 1618 514 1648 ,
551 1574 662 1633 nisi
693 1574 755 1636 in
802 1574 900 1633 illo
931 1572 1089 1653 quod
1117 1585 1331 1653 quaeret
1362 1574 1549 1633 omnis
1577 1573 1835 1634 Mundus
1864 1574 2089 1636 habeat.
2130 1602 2159 1629 »ι
2196 1578 2273 1636 At

89 1706 249 1744 vero
272 1682 552 1763 Virgilius
571 1680 938 1753 vaticinatur,
971 1680 1142 1738 etiam
1173 1677 1437 1739 Romano
1464 1674 1707 1759 imperio
1734 1692 1915 1741 tems
1944 1704 2041 1742 eas
2060 1679 2278 1764 (neque

99 1790 274 1849 enim
303 1788 378 1851 de
408 1788 535 1847 aliis
563 1783 846 1866 ceperim)
873 1783 1278 1862 subjiciendas.

683 1951 865 1969 ......
889 1916 1022 1978 jacet
1045 1921 1180 1965 extra
1203 1912 1361 1965 sidera
1381 1914 1549 1977 tellus,

441 2011 596 2063 Extra
619 2008 738 2057 anni
762 2008 974 2075 solisque
995 2006 1126 2067 vias,
1152 2006 1238 2057 ubi
1262 2005 1440 2059 caelifer
1462 2008 1597 2059 Atlas

345 2086 350 2098 '
441 2106 598 2153 Axem
617 2100 824 2153 humero
847 2105 1045 2169 torquet
1059 2099 1210 2151 stelli·
1229 2098 1511 2151 ardentibus
1530 2106 1720 2169 aptum.
1748 2102 1847 2169 (vl
1862 2137 1879 2163 ‚
1902 2105 2021 2153 ὼ.
2040 2098 2195 2170 795.)

101 2250 132 2278 ιι
164 2218 350 2282 Extra
368 2218 597 2282 sidera?
625 2223 727 2300 qui
756 2218 985 2301 potest?
1003 2228 1042 2272 ιι·
1067 2217 1202 2278 caelo
1233 2229 1387 2278 certe
1410 2217 1621 2298 tegitur
1651 2241 1667 2274 ε
1701 2217 1805 2278 sed
1830 2218 2051 2296 majora
2082 2218 2272 2280 sidera

95 2330 306 2409 accipe
330 2371 346 2400 ‚
383 2337 484 2386 aut
521 2327 778 2407 planetas
793 2369 811 2398 ,
865 2328 968 2405 qui
1011 2327 1164 2385 intra
1201 2324 1477 2404 Tropioos
1520 2322 1855 2382 decurrunt.
1896 2323 2037 2384 Ideo
2064 2326 2231 2386 addit
2252 2369 2271 2400 ,

95 2437 267 2497 velut
289 2433 690 2512 interpretans,
721 2459 748 2486 «ι
777 2429 958 2490 Extra
989 2431 1127 2490 anni
1160 2442 1217 2489 et
1247 2430 1383 2489 solis
1403 2430 1546 2488 vias.
1572 2455 1601 2482 κ
1626 2427 1779 2510 Ergo
1804 2429 1953 2488 ultra
1972 2437 2066 2496 τὴν
2092 2457 2274 2494 uexau-

96 2547 264 2625 μένην
284 2583 302 2612 ,
327 2537 388 2598 id
410 2549 496 2597 est
513 2581 530 2610 ‚
555 2537 890 2610 Tor-riclam,
911 2537 1064 2596 locat
1083 2558 1099 2594 ε
1125 2555 1334 2616 nempe
1358 2539 1611 2616 ἀπάξονα
1630 2535 1787 2594 illam
1812 2535 1979 2596 nobis
1998 2581 2015 2610 ‚
2040 2551 2099 2598 et
2118 2551 2271 2598 tem-

98 2661 364 2732 peratam
381 2691 398 2722 ‚
430 2659 498 2707 ut
524 2669 696 2728 supra
727 2646 964 2706 dietum.
1000 2645 1148 2704 Nam
1181 2645 1254 2704 de
1282 2645 1513 2705 Atlante
1542 2644 1697 2725 quod
1730 2645 2015 2720 scribitur,
2048 2669 2167 2706 non
2196 2647 2271 2707 de

99 2757 206 2816 illo
231 2753 434 2814 Africae
457 2754 742 2836 intelliges
757 2795 774 2826 ‚
807 2752 912 2813 sed
939 2752 1014 2812 de
1043 2753 1152 2811 isto
1173 2773 1345 2832 quem
1369 2748 1528 2810 Plato
1550 2751 1859 2811 celebravit
1878 2795 1894 2824 ,
1922 2765 1981 2813 et
1999 2773 2271 2836 reg-nasse

103 2865 176 2922 iis
229 2863 398 2922 locis·
427 2862 644 2923 scribit.
688 2857 774 2920 Eo
793 2904 810 2933 ,
845 2860 1034 2940 inquit
1055 2903 1072 2932 ‚
1119 2858 1407 2940 Angustus
1448 2855 1707 2937 Pmfiret
1736 2859 2052 2939 imperium.
2091 2859 2271 2921 Estne

105 2969 365 3043 sactum?
396 2989 561 3050 nugoe
588 3011 606 3040 ,
639 2979 696 3026 et
725 2967 894 3027 mella
925 2967 1190 3047 poetica;
1223 2968 1327 3024 etsi
1351 3009 1368 3038 ,
1402 2965 1711 3024 Marinaeus
1752 2965 1976 3026 Siculus
2015 2969 2265 3040 Auctor,

109 3105 138 3130 «
175 3089 464 3157 repertum
515 3075 576 3134 in
622 3074 784 3134 Novo
829 3074 968 3132 orbe
998 3095 1296 3134 nummum
1329 3094 1570 3132 aureum
1594 3085 1843 3132 veterem
1863 3114 1880 3145 ‚
1914 3095 2046 3132 cum
2081 3076 2267 3157 effigie

109 3183 350 3264 Augusti
386 3205 404 3240 ε
439 3203 688 3262 eumque
721 3181 962 3240 Romam
992 3180 1068 3241 ad
1104 3180 1439 3240 Pontificem
1456 3221 1473 3253 ‚
1506 3178 1641 3238 fidei
1674 3201 1809 3262 ergo
1830 3221 1846 3252 ,
1890 3182 2129 3240 missum
2160 3203 2269 3264 per

111 3290 392 3350 Joannem
410 3289 646 3350 Ruffum
665 3332 682 3362 ,
707 3285 1058 3369 Episcopum
1073 3286 1508 3346 Consentinum.
1530 3313 1560 3339 »ι
1584 3285 1635 3344 Ο
1658 3286 1873 3346 bellum
1896 3289 2267 3370 impostorem

113 3410 214 3460 aut
242 3395 534 3456 ludionem
551 3439 568 3468 ‚
613 3395 874 3476 quisquis
901 3415 1200 3454 nummum
1236 3393 1318 3452 ibi
1350 3389 1575 3472 abjicit!
1615 3413 1749 3452 nam
1783 3394 1946 3454 aliter
1972 3409 2265 3476 repertum

115 3529 230 3568 non
263 3525 384 3564 esse
403 3547 422 3576 ,
455 3502 598 3566 mihi
629 3502 866 3584 quidem
894 3502 1109 3583 liquet,
1140 3503 1324 3560 nisisi
1350 3499 1571 3560 Genius
1591 3499 1699 3560 lioc
1724 3499 1879 3561 fecit.
1910 3503 2060 3563 Illud
2082 3506 2265 3587 magis

117 3611 322 3668 mirum
367 3620 426 3670 et
469 3608 678 3680 fidum,
718 3606 874 3688 quod
907 3608 1152 3690 Hispani
1181 3607 1467 3678 scribunt,
1506 3633 1534 3660 κ
1560 3607 1621 3666 in
1654 3609 1801 3666 valle
1819 3653 1834 3681 ,
1867 3631 1992 3690 quae
2026 3609 2261 3669 Cautem

119 3717 320 3776 dicitur
341 3760 358 3791 ,
392 3717 454 3775 in
490 3714 639 3774 Chili
680 3715 1006 3795 provincia,
1042 3713 1316 3795 oppidum
1356 3735 1514 3787 esse,
1550 3715 1706 3796 quod
1736 3715 2039 3797 Imperiale
2064 3718 2136 3775 ab
2158 3717 2265 3776 hac

119 3843 282 3882 causa
324 3821 619 3881 nominant
640 3868 655 3890 ‚
712 3819 980 3900 quoniam
1034 3822 1094 3876 in
1149 3821 1437 3901 plerisque
1481 3820 1743 3880 domibus
1786 3833 1843 3880 et
1880 3823 2057 3903 portis
2087 3844 2263 3903 repe—

121 3941 311 3988 rerunt
332 3927 565 4009 Aquilas
589 3925 851 4006 bicipites
883 3923 1150 3984 formatas
1167 3969 1183 4000 ‚
1221 3938 1287 3985 ut
1313 3925 1487 3988 bodie
1516 3927 1777 3987 videmus
1796 3929 1855 3986 in
1872 3927 2116 3989 Romani
2146 3929 2263 3988 im-

187 4157 203 4189 ¹
225 4153 352 4207 Indis
371 4151 588 4206 occiduis
605 4153 708 4204 hac
733 4158 1025 4214 evenerunt,
1050 4153 1362 4220 ignotissimis
1382 4154 1722 4222 Hispanorum.
