2667 4475
635 296 1179 373 EPISTOLA
1225 298 1697 371 LXXXIX.
2202 322 2251 390 9

105 428 476 525 quidquam
516 430 708 501 aliud
751 433 840 502 sit
875 433 1159 527 Sapiens
1176 481 1196 518 ,
1239 455 1443 526 quam
1476 429 1759 499 humani
1795 428 2066 523 generis
2097 448 2251 523 pae-

108 548 434 643 dagogus.
1262 612 1268 620 ,
1640 615 1645 625 ,

193 668 374 759 Ergo
397 714 421 751 ,
465 690 678 757 quum
716 665 1056 759 tripartita
1097 666 1184 733 sit
1217 662 1703 756 Philosophia,
1736 660 2073 729 Moralem
2100 659 2248 751 ejus

103 794 357 866 partem
390 779 692 872 primum
721 779 1125 871 incipiamus
1156 777 1545 869 disponere.
1582 773 1809 867 Quam
1836 776 1911 842 in
1936 774 2069 843 tria
2096 796 2251 841 rur-

108 916 211 959 sus
242 892 463 960 dividi
498 894 798 986 placuit3
847 908 926 961 ut
969 894 1188 987 prima
1232 908 1409 961 esset
1430 896 1448 927 ¹
1499 890 1830 981 Inspectio
1882 914 2069 977 suun}
2104 892 2252 955 cui-

110 1034 222 1103 que
247 1008 664 1089 distribuens,
706 1025 775 1078 et
805 1011 1137 1077 aestimans
1173 1026 1429 1102 quanto
1465 1008 1769 1101 quidque
1805 1006 2087 1099 dignum
2113 1008 2245 1091 sit3

109 1126 382 1193 maxime
399 1125 628 1193 utilis:
647 1123 813 1217 quid
833 1128 1015 1194 enim
1030 1141 1133 1193 est
1147 1140 1278 1193 tam
1303 1126 1783 1205 necessarium,
1805 1146 2007 1215 quam
2031 1122 2251 1215 pretia

111 1238 304 1306 rebus
335 1240 740 1331 imponere?
763 1238 1061 1306 secunda
1097 1240 1182 1304 de
1246 1238 1584 1329 Impetu23
1618 1238 1818 1305 tertia
1844 1237 1929 1302 de
1954 1233 2251 1302 Actioni-

112 1352 240 1421 bus.
282 1356 591 1422 Primum
628 1356 810 1422 enim
843 1370 946 1436 est
969 1403 988 1438 ‚
1019 1360 1094 1423 ut
1115 1405 1136 1437 ,
1173 1357 1409 1445 quanti
1437 1332 1740 1446 quidque
1769 1354 1891 1435 sit,
1917 1350 2190 1445 judices
2227 1376 2242 1418 :

115 1471 511 1555 secundum,
555 1486 632 1539 ut
665 1473 992 1565 impetum
1027 1472 1116 1539 ad
1149 1472 1265 1543 illa
1299 1474 1525 1565 capias
1565 1471 1952 1539 ordinatum
1988 1458 2250 1562 tempe-

115 1598 458 1677 ratumque
495 1612 518 1651 τ
548 1586 858 1675 tertium,
908 1600 984 1653 ut
1029 1586 1210 1652 inter
1242 1587 1569 1678 impetum
1607 1601 1793 1653 tuum
1814 1634 1836 1669 ,
1876 1584 2251 1652 actionem-

2306 1359 2368 1413 13

118 1722 238 1788 que
273 1702 677 1784 conveniat,
727 1716 806 1768 ut
839 1702 912 1768 in
951 1700 1266 1768 omnibus
1301 1703 1448 1770 istis
1484 1702 1608 1768 tibi
1653 1701 1800 1794 ipse
1836 1700 2241 1768 consentias.
2350 1759 2357 1767 .

121 1810 472 1906 Quidquid
504 1839 586 1883 ex
619 1815 727 1883 his
760 1815 979 1883 tribus
1018 1814 1347 1896 defuerit,
1383 1815 1613 1883 turbat
1644 1832 1714 1883 et
1748 1828 2016 1882 caete'ra.
2060 1812 2255 1907 Quid

119 1932 288 1998 enim
323 1933 649 2024 prodest,
696 1935 880 2003 intus
924 1934 1246 2001 aestimata
1280 1932 1539 2001 habere
1587 1934 1850 2017 omnia,
1893 1934 1948 2001 si
1986 1935 2078 2001 sis
2121 1935 2251 2002 im·-

119 2060 264 2135 petu
286 2047 578 2115 nimius?
595 2046 766 2139 quid
781 2047 1088 2139 prodest,
1123 2048 1419 2140 impetus
1444 2050 1873 2142 repressisse,
1900 2064 1969 2116 et
1994 2047 2251 2115 habere

121 2160 508 2254 cupiditates
564 2163 639 2228 in
696 2176 811 2230 tua
860 2178 1193 2255 potestate
1217 2213 1235 2246 ‚
1281 2168 1339 2233 si
1381 2166 1455 2233 in
1507 2168 1655 2259 ipsa
1703 2188 1935 2233 rerum
1981 2165 2251 2233 actione

123 2291 412 2370 tempora
446 2281 764 2372 ignores3
805 2301 936 2346 nec
971 2281 1186 2362 scias,
1231 2279 1505 2371 quando
1555 2281 1861 2373 quidque
1885 2330 1904 2363 ‚
1961 2296 2033 2347 et
2076 2279 2193 2347 ubi
2220 2329 2243 2365 ‚

126 2408 184 2460 et
208 2394 770 2488 quemadmodum
796 2396 911 2490 agi
938 2394 1234 2466 debeat?
1256 2396 1468 2467 Aliud
1498 2414 1600 2466 est
1626 2399 1809 2465 enim
1828 2445 1851 2482 ‚
1886 2397 2250 2489 dignitates

126 2654 204 2687 nes
215 2640 430 2698 continet.
445 2637 732 2694 practicam
747 2639 1128 2714 philosophiam

124 2718 342 2770 moralem
357 2757 372 2780 ,
401 2737 522 2791 qua
545 2716 671 2790 quid
691 2718 872 2789 cuique
899 2737 1127 2790 persona

126 2795 390 2852 faciendum
415 2801 512 2866 sit,
553 2799 730 2863 docet,
767 2799 985 2868 ideoque
1007 2818 1132 2869 spe-

127 2874 254 2926 cialia
273 2891 512 2951 precepta
537 2875 764 2930 eontinet
778 2917 792 2943 ,
810 2876 987 2937 τόπους
1007 2877 1128 2927 ὑπο-

130 2955 339 3022 θετικούς,
357 2977 394 3010 s.
406 2957 760 3028 παραινετιιοῦς
778 2969 927 3008 vocat
949 2956 1128 3008 Sextus

127 3027 258 3104 Emp.
279 3033 298 3086 l
330 3034 365 3086 1.
386 3036 568 3088 Ruhk.

187 3129 224 3160 ι.
256 3109 324 3163 Ut
339 3117 516 3182 prima
543 3121 679 3165 esset
698 3113 972 3179 Inspecte’o.
1001 3111 1126 3164 Haec

129 3183 290 3240 divisio
323 3191 482 3244 tenuis
510 3201 598 3242 aut
627 3189 808 3246 sterilis
838 3203 935 3254 est,
961 3189 1129 3260 inquit

127 3262 248 3332 Lips.
266 3307 280 3330 ‚
304 3289 404 3340 με
423 3271 512 3323 iiia
532 3291 644 3342 quae
669 3271 722 3322 in
751 3269 955 3322 Laertio
979 3269 1126 3342 poni-

129 3350 198 3390 tur
213 3381 224 3402 ‚
245 3363 300 3396 ex
317 3362 482 3399 mente
505 3359 554 3399 et
575 3368 668 3401 usu
693 3347 914 3421 plurium
933 3349 1129 3400 stoico-

129 3437 224 3471 rum
240 3423 326 3489 (de
344 3446 442 3496 qua
461 3427 646 3492 infra).
662 3454 727 3466 —
746 3422 940 3478 Cdntra
958 3437 1128 3478 autem

127 3492 277 3584 liuhk.
295 3501 564 3577 Egregiam
587 3502 742 3567 hanc,
761 3501 932 3572 inquit
945 3541 960 3568 ‚
981 3499 1128 3553 divi-

130 3591 302 3630 sionem
340 3601 440 3634 esse
465 3602 641 3636 omnes
663 3601 780 3636 cum
801 3593 992 3633 veteres
1017 3593 1124 3632 tum

131 3655 404 3711 recentiores
419 3672 750 3731 agnoverunt.
769 3659 940 3728 Quare
961 3657 1126 3712 Cato-

133 3747 233 3782 nem
247 3733 434 3790 induxit
457 3739 562 3792 Cic.
583 3739 644 3790 de
659 3739 776 3791 Fin.
794 3738 904 3804 ΙΙΙ,
933 3757 994 3789 22
1011 3737 1126 3790 exi-

133 3808 220 3862 mie
231 3811 512 3869 laudantem
533 3819 668 3871 Stooe
689 3829 913 3870 auctores
937 3829 986 3868 et
1001 3817 1126 3868 stoi-

137 3903 206 3937 ω·
237 3889 408 3960 philos.
447 3894 610 3948 Aliam
643 3893 950 3948 divisionem
971 3893 1124 3946 tradit

138 3961 270 4050 Diog-
297 3971 456 4026 Laert-
490 3974 620 4040 vu,
647 3973 744 4040 84,
772 3992 884 4044 qne
915 3971 1124 4043 quidem

139 4038 341 4102 dtffuior
363 4063 434 4106 est
449 4088 466 4120 ‚
483 4051 572 4108 sed
597 4071 704 4106 non
723 4051 868 4126 plura
891 4049 1124 4124 comple-

1225 2642 1391 2696 ctitur.
1422 2645 1483 2695 In
1506 2639 1685 2697 ordin'e
1708 2653 1879 2696 tamen
1900 2642 2051 2695 aliam
2092 2642 2251 2696 nostri

1225 2721 1513 2795 philosophi
1535 2721 1915 2794 dispositionem
1930 2721 2215 2795 optaverint
2231 2759 2247 2786 ,

1223 2815 1278 2854 ut
1301 2802 1389 2873 qui
1414 2802 1811 2874 metaphysicum
1827 2843 1841 2870 ,
1860 2823 1905 2856 s.
1924 2803 2090 2867 malis,
2110 2801 2251 2854 theo-

1223 2881 1437 2933 retieum
1476 2881 1663 2934 ethices
1700 2881 1871 2934 locum
1890 2922 1903 2947 ,
1949 2880 2035 2951 qui
2068 2892 2143 2932 est
2186 2879 2250 2932 de

1205 2959 1210 2964 ⁸
1227 2961 1508 3014 officiorum
1526 2962 1785 3034 principiis
1798 2961 2127 3032 notioneque,
2144 2979 2248 3012 non

1223 3039 1278 3091 in
1304 3041 1467 3103 ealce,
1492 3041 1576 3092 sed
1600 3040 1655 3091 in
1674 3041 1837 3092 fronte
1856 3040 2007 3092 totius
2026 3036 2251 3112 discipli-

1223 3137 1304 3172 nae
1325 3119 1509 3174 rectius
1533 3119 1797 3172 collocant.
1818 3117 2000 3170 Ruhk.

1293 3217 1335 3248 a.
1354 3197 1610 3261 Secunda,
1634 3199 1700 3249 de
1716 3197 1921 3264 [mpetu
1934 3235 1948 3261 ,
1976 3209 2068 3250 etc.
2088 3195 2248 3248 Rece-

1222 3288 1363 3349 ptam
1388 3275 1501 3327 leet.
1524 3275 1781 3328 invertens
1809 3273 2133 3346 Schweigh.,
2162 3272 2249 3325 dat

1223 3354 1452 3407 secunda
1484 3355 1550 3405 de
1582 3352 1925 3417 Acte'ona'bus;
1955 3355 2105 3405 tertia
2124 3389 2139 3414 ‚
2182 3353 2250 3404 de

1223 3433 1453 3500 Impetu.
1471 3431 1557 3484 sic
1573 3469 1587 3495 ,
1605 3431 1788 3503 inquit,
1802 3443 1919 3482 vett.
1936 3430 2074 3495 libri,
2090 3430 2161 3482 R.
2176 3431 2246 3483 Α.

1223 3531 1263 3563 c.
1280 3524 1330 3562 et
1342 3509 1667 3582 Grut.Vuigo
1676 3549 1689 3574 ,
1702 3511 1925 3562 secunda
1937 3511 2000 3560 de
2014 3509 2243 3577 Impeeu,

1223 3595 1379 3645 terties
1401 3593 1467 3644 de
1484 3593 1797 3643 Actione‘bus
1812 3625 1827 3651 ,
1855 3609 1912 3641 ex
1942 3588 2139 3640 Erasmi
2162 3588 2245 3640 in-

1224 3671 1407 3744 genim
1433 3668 1639 3734 scilicet,
1660 3668 1781 3738 quia
1796 3667 2028 3739 impetus,
2054 3678 2109 3717 ut
2127 3685 2245 3719 mox

1222 3751 1328 3820 ipse
1351 3761 1525 3801 auctor
1544 3744 1799 3818 significat
1816 3782 1830 3807 ,
1856 3744 2134 3816 praecedere
2157 3744 2246 3796 de·-

1221 3825 1306 3879 bet
1319 3825 1588 3879 actionem.
1613 3827 1674 3876 At
1691 3822 1823 3875 nihii
1836 3842 2143 3896 magnopere
2157 3822 2247 3874 ob-

1219 3917 1345 3970 stat,
1372 3923 1473 3973 quo
1508 3903 1677 3955 minus
1708 3901 1970 3954 credamus
1988 3901 2044 3952 in
2063 3899 2243 3951 ordine

1222 3981 1440 4036 docendi
1466 3981 1783 4055 praemissum
1818 3977 1967 4030 fiiisse
2000 3987 2149 4049 caput
2179 3977 2245 4028 de

1219 4059 1527 4118 Actionibus
1548 4057 1693 4114 alteri
1714 4059 1781 4111 de
1796 4055 2024 4124 Impetu.
