2667 4475
817 310 1367 381 EPISTOLA
1414 310 1585 379 XC.
2191 335 2265 403 ¹7

123 464 256 511 non
291 454 570 535 poterat
605 445 948 535 potentior
997 464 1142 510 esse
1164 491 1184 524 ‚
1227 441 1359 509 nisi
1400 438 1665 509 melior.
1702 442 1994 507 Tantum
2040 442 2221 509 enim
2242 490 2260 521 ,

125 574 450 650 quantum
491 551 682 645 vult,
717 572 960 655 potest
983 609 1002 641 ,
1060 559 1180 651 qui
1229 578 1300 625 se
1329 606 1347 639 ,
1411 557 1545 625 nisi
1598 554 1783 647 quod
1826 554 2031 625 debet
2052 606 2075 641 ,
2131 581 2267 627 non

128 690 326 767 putat
343 698 576 768 posse.

213 792 342 861 Illo
371 816 542 885 ergo
582 790 826 861 saeculo
845 840 864 873 ,
900 790 1086 884 quod
1127 814 1409 859 aureum
1454 789 1820 883 perhibent
1835 840 1857 875 ,
1896 813 2105 883 penes
2148 792 2273 859 Sa-

123 908 642 1000 pientes-fuisse
687 930 1020 999 regnum,
1059 905 1500 976 Posidoniue¹
1536 906 1871 998 judicat².
1924 908 2013 975 Hi
2054 908 2271 975 conti-

123 1026 378 1093 nebant
414 1048 691 1109 manus,
743 1040 812 1091 et
860 1023 1274 1093 infirmiores
1305 1048 1347 1091 a
1380 1022 1823 1091 validioribus
1855 1023 2266 1109 tuebantur3

125 1140 534 1220 suadebant,
565 1137 1206 1230 dissuadebantque,
1234 1153 1302 1207 et
1319 1137 1517 1205 utilia
1534 1155 1739 1231 atque
1762 1139 2029 1207 inutilia
2050 1164 2275 1209 mone-

125 1256 415 1325 trabant.
450 1258 710 1325 Horum
739 1256 1131 1349 prudentia,
1165 1278 1252 1321 ne
1273 1254 1443 1346 quid
1473 1252 1735 1323 deesset
1760 1258 1923 1339 suis,
1956 1256 2273 1351 provide-

125 1374 277 1458 bat,
331 1372 658 1442 fortitudo
705 1372 981 1441 arcebat
1027 1369 1373 1463 pericula3
1426 1370 1877 1439 beneficentia
1916 1367 1941 1405 ³
1978 1373 2273 1465 augebat

127 1487 546 1580 ornabatque
591 1486 956 1579 subjectos.
1003 1483 1329 1553 Officium
1378 1499 1526 1551 erat
1564 1476 1901 1578 imperare
1924 1534 1941 1564 ,
1984 1508 2123 1554 non
2163 1508 2271 1555 re-
2352 1521 2354 1523 ·

129 1626 358 1695 gnum.
395 1604 612 1669 Nemo
631 1650 651 1681 ,
695 1612 1024 1690 quantum
1059 1613 1288 1689 posset
1321 1595 1645 1665 adversus
1678 1621 1828 1683 eos,
1863 1598 2272 1691 experieba-

125 1734 256 1801 tur,
294 1740 426 1809 per
463 1738 635 1806 quos
665 1728 960 1805 coeperat
994 1734 1230 1804 posse3
1271 1736 1401 1780 nec
1437 1729 1583 1781 erat
1624 1716 1937 1805 cuiquam
1972 1730 2093 1783 aut
2122 1718 2272 1783 ani·-

129 1857 268 1900 mns
301 1834 378 1899 in
419 1830 739 1923 injuriam
760 1879 779 1912 ,
821 1843 942 1896 aut
975 1851 1216 1903 cauam
1251 1852 1457 1919 quum
1492 1831 1669 1897 bene
1700 1831 2065 1923 imperanti
2090 1831 2269 1901 bene

127 1961 518 2039 pareretur,
564 1946 882 2037 nihilque
936 1968 1053 2011 rex
1095 1944 1310 2036 majus
1361 1946 1604 2014 minari
1654 1946 1827 2013 male
1870 1947 2267 2039 parentibus

127 2081 347 2156 posset
370 2116 390 2146 ,
427 2058 629 2155 quam
669 2078 747 2129 ut
782 2061 1072 2130 abirete
1103 2086 1318 2153 regno
1341 2056 1396 2128 ⁴.
1435 2062 1571 2131 Sed
1598 2080 1949 2157 postquam
1972 2116 1991 2150 ,
2029 2066 2267 2134 subre-

131 2355 256 2406 vavit
289 2355 406 2410 Pal.
448 2355 496 2406 3.
538 2354 672 2406 Dein
715 2352 900 2426 placuit
938 2351 1142 2423 quidem
1245 2371 1393 2422 quem
1438 2353 1591 2424 Diog.
1632 2355 1945 2418 laert-Vll,
1978 2354 2070 2423 873
2096 2356 2161 2407 cf.
2192 2352 2265 2406 ibi

128 2437 364 2501 optimus,
389 2433 532 2503 quod
554 2451 668 2485 cum
695 2431 774 2484 ed.
799 2432 932 2483 Ven.
955 2451 1144 2504 agnos·
1242 2431 1451 2502 Menag.
1466 2432 1661 2497 laudat)
1680 2451 1693 2484 ι
1710 2430 1797 2482 ubi
1820 2451 1975 2501 quum
1992 2429 2260 2501 posuisset,

130 2510 192 2564 cit
219 2511 296 2564 ed.
332 2513 406 2564 A.
443 2523 492 2562 et
523 2529 616 2562 ms.
635 2528 676 2562 c.
696 2509 785 2560 sed
809 2509 866 2560 in
885 2513 1142 2576 optimum

129 2588 447 2642 consentiunt
479 2586 558 2639 ed.
596 2586 667 2637 R.
699 2598 748 2636 et
769 2585 970 2638 Gruteri
991 2585 1140 2638 codd.

129 2684 310 2717 omnes.
331 2664 500 2718 Scbw.

193 2764 230 2796 ι.
241 2742 578 2796 Posidonius.
597 2738 860 2793 Posidonii
873 2739 1086 2803 Rhodii,
1101 2759 1140 2790 s.

127 2818 468 2895 Apameensis,
485 2819 616 2883 (non
630 2816 960 2887 Olbiopolitoe
977 2817 1140 2888 ,quod

125 2899 246 2951 mele
277 2895 506 2950 affirmat
537 2893 734 2948 Fabric.
771 2892 908 2946 Bibl.
935 2893 1028 2946 Gr.
1055 2895 1139 2947 Ill

125 2997 170 3049 p.
185 2976 504 3048 573)magna
517 2986 574 3027 ut
595 2972 882 3046 philosophi
907 2985 956 3026 et
978 2973 1140 3026 histo-
1183 2983 1188 2988 '

125 3055 208 3108 rici
229 3057 366 3110 fama
391 3066 498 3108 erat
513 3053 570 3106 in
590 3052 903 3124 Antiquitate
920 3071 934 3106 ε
953 3053 1042 3106 sed
1061 3052 1139 3104 ni-

124 3131 195 3184 hil
214 3134 318 3186 nisi
339 3134 627 3203 fragmenta
651 3151 866 3204 operum
893 3131 998 3202 ejus
1019 3131 1137 3184 satis

124 3208 1140 3340 {issffissiiessii’iibssissiucissssiss

127 3364 302 3418 timum
323 3364 434 3435 eins
452 3384 575 3435 opus
594 3367 654 3418 τὰ
669 3367 784 3434 μετὰ
802 3365 884 3416 fou
900 3363 1138 3416 Πολῦὅιον

127 3446 358 3514 expressit
386 3445 584 3517 Trogus
613 3443 886 3516 Pompeius
919 3442 1137 3514 ideoque

125 3522 350 3575 Iustinus
367 3521 516 3574 etiam
538 3521 626 3574 lib.
647 3521 818 3588 36-42
832 3559 847 3587 ,
871 3522 1006 3593 quod
1025 3541 1143 3575 acu-

126 3600 305 3653 tissime
341 3598 625 3654 observavit
659 3600 877 3654 amiciss.
904 3602 1144 3654 Heeren:

129 3679 188 3730 ef.
225 3678 455 3748 Gotting.
481 3671 585 3747 'gel-
614 3679 754 3732 Am.
778 3678 902 3731 anni
927 3678 1072 3747 1800,
1091 3701 1141 3752 p.

129 3752 220 3822 393
243 3776 319 3828 sq.
344 3756 470 3809 1802
493 3777 542 3829 p.
564 3757 658 3822 641
693 3777 765 3828 sq.
790 3756 942 3810 Unde
963 3769 1134 3810 autem

128 3828 252 3897 ἷκε,
275 3851 392 3904 quae
417 3835 611 3888 Seneca
632 3836 810 3900 affert,
833 3833 986 3907 petita
1006 3835 1130 3897 sint,

131 3927 228 3962 non
247 3911 422 3981 liquet.
442 3913 604 3966 Locus
622 3923 792 3964 tamen
816 3911 938 3965 hnic
953 3923 1138 3965 tracta-

129 3987 250 4040 tioni
269 3991 334 4044 de
354 3991 574 4063 sapiente
600 4009 706 4044 esse
727 3991 898 4060 potnit
921 3990 976 4042 in
1003 3991 1134 4055 libro

121 4064 234 4136 ejus
261 4073 366 4139 περὶ
401 4075 546 4126 πὶόν
587 4071 686 4140 (de
721 4091 920 4124 summo
956 4069 1094 4124 bono
1115 4108 1130 4136 ,

348 4167 475 4236 1v.

1241 2529 1497 2564 summum
1523 2510 1717 2562 bonum
1744 2527 1877 2574 esse,
1898 2510 1965 2560 ita
1984 2509 2181 2572 vivere,
2208 2521 2263 2560 ut

1241 2599 1291 2638 et
1313 2587 1577 2640 veritatem
1597 2600 1647 2640 et
1666 2587 1899 2639 ordinem
1922 2587 2149 2638 omnium
2170 2606 2261 2638 re-

1241 2684 1353 2718 rum
1388 2664 1741 2734 contempleris
1772 2665 1851 2729 (τδ
1870 2661 1960 2735 ζῇν
1988 2669 2261 2733 θεωροῦντα

1237 2745 1323 2800 τὴν
1348 2749 1437 2797 τὸν
1462 2745 1579 2796 ὅλον
1599 2745 1821 2800 ἀλήθειαν
1842 2745 1915 2796 καὶ
1941 2745 2095 2809 τάξιν)
2127 2743 2259 2796 ima·-

1239 2823 1417 2894 gincm
1452 2844 1656 2894 quoque
1689 2824 1927 2894 sapientis
1966 2837 2115 2894 atque
2153 2823 2257 2894 ejus

1239 2900 1477 2954 virtutem
1500 2901 1781 2974 depinxisse
1803 2901 1965 2954 videri
1990 2914 2161 2974 potest.
2182 2901 2255 2954 R.

1304 3000 1353 3032 α.
1402 2981 1637 3034 Judicae.
1680 2980 1911 3048 Sequens
1951 2979 2256 3051 AEs'chylum

1239 3057 1498 3110 Prometh.
1513 3056 1668 3111 vinct-
1688 3055 1787 3123 446
1803 3076 1876 3128 sq.
1900 3057 2119 3129 Egregie
2140 3078 2257 3111 sen-

1239 3134 1451 3188 tentiam
1470 3135 1602 3189 hanc
1616 3135 1795 3187 extulit
1804 3137 1981 3188 Horat.
1999 3138 2107 3188 Art.
2122 3150 2255 3209 poet.

1239 3213 1339 3284 396
1363 3233 1435 3284 sq.
1461 3213 1540 3264 Cf.
1564 3214 1589 3264 Ι
1611 3215 1845 3265 sermon.
1868 3213 1919 3278 3,
1944 3233 2011 3286 99
2034 3233 2139 3284 sqq.
2166 3214 2255 3286 qui

1237 3291 1437 3344 Lucret-
1455 3292 1502 3342 V
1519 3327 1533 3353 ,
1556 3291 1653 3362 923
1666 3329 1682 3355 ,
1705 3309 1779 3361 sq.
1804 3292 2053 3364 expressit.
2074 3291 2252 3346 Ruhk.

1302 3367 1351 3421 3.
1382 3369 1725 3440 Benfioente'a
1754 3370 1981 3439 augebat
2003 3373 2293 3428 ornabat-s

1235 3467 1334 3519 que
1368 3469 1411 3502 s.
1445 3448 1599 3502 Recte
1628 3465 1953 3520 :quanquam
1976 3449 2063 3502 alii
2086 3451 2255 3503 codd.

1239 3541 1288 3582 et
1323 3525 1533 3601 plurimi
1576 3527 1766 3580 habent
1801 3528 2005 3596 agebat.
2050 3529 2261 3582 Accedit

1237 3607 1377 3678 quod
1411 3623 1595 3678 sugere
1626 3615 1677 3656 et
1708 3612 1887 3656 ornare
1908 3604 2055 3678 jungi
2074 3607 2256 3659 solent.

1241 3685 1324 3738 Cf.
1344 3682 1535 3737 Grovii
1571 3685 1723 3735 Lectt.
1764 3681 1971 3734 Hesiod.
2006 3704 2057 3756 p.
2093 3705 2123 3737 α
2146 3705 2256 3756 sqq.

1297 3837 1343 3901 4.
1375 3835 1559 3905 Quam
1592 3846 1651 3888 ut
1669 3833 1839 3886 abiret
1877 3853 1906 3886 e
1934 3854 2103 3906 regno.
2136 3836 2256 3897 Mss,

1231 3914 1449 3967 abirent.
1484 3911 1587 3964 Sed
1620 3911 1841 3986 placeret
1876 3912 2041 3986 magis
2063 3931 2257 3981 :quam

1231 3991 1381 4043 obire
1402 4009 1457 4042 se
1476 4009 1646 4059 regno.
1674 3987 1895 4042 Gronov.
1912 4015 1979 4030 -
2002 3989 2060 4042 Si
2084 3991 2145 4040 de
2168 4009 2257 4041 eo-

1234 4081 1361 4122 natu
1384 4067 1711 4133 intellexeris,
1737 4067 1911 4120 locum
1934 4067 2167 4119 tueberis.
2186 4065 2261 4121 R.

1922 4185 1963 4230 2
