2667 4475
377 265 513 350 454
1126 263 1712 334 EXCERPTA
1822 279 1836 286 '

376 419 511 480 sor,
562 392 685 462 sed
724 395 871 462 sine
904 393 1426 486 exprobratione
1457 412 1830 490 correptor,
1871 397 1967 466 ita
2001 412 2081 465 ut
2102 393 2530 468 admonitio-

374 537 533 582 nem
570 511 913 579 hilaritate
944 512 1323 604 praevenias
1344 563 1362 596 ,
1413 530 1483 580 et
1519 514 1734 582 errori
1779 515 1976 583 facile
2017 517 2290 584 veniam
2334 515 2518 585 dato.
2631 553 2633 568 ·

376 629 521 694 Nec
553 624 828 694 extollas
862 647 1303 717 quemquam,
1351 650 1576 718 neque
1607 626 1912 721 dejicias.
1947 609 2346 697 Dicentium
2386 647 2528 698 esto

374 745 620 810 tacitus
656 741 966 823 auditor,
1019 733 1442 811 audientium
1487 759 1840 836 promptus
1881 760 2221 839 receptor.
2263 746 2528 838 Requi-

375 859 557 926 renti
612 856 808 926 facile
868 857 1239 951 responde,
1286 862 1748 928 contemnenti
1782 862 1978 929 facile
2017 859 2188 929 cede
2215 911 2235 944 ,
2285 885 2422 929 nec
2461 863 2526 928 in

367 975 601 1068 jurgia
637 974 1231 1066 execrationesque
1264 972 1596 1043 discedas.
1642 977 1714 1046 si
1753 977 2108 1044 continens
2138 961 2268 1057 es,
2321 977 2524 1044 animi

378 1094 477 1158 tui
502 1106 723 1158 motus
744 1091 1187 1184 corporisque
1209 1090 1492 1159 observa
1509 1141 1526 1172 ‚
1562 1115 1649 1159 ne
1673 1091 1980 1160 indecori
2006 1090 2171 1160 sint.
2201 1095 2362 1161 Nee
2383 1093 2528 1160 illos

379 1207 537 1277 ideo
566 1223 979 1288 contemnas,
1012 1206 1173 1298 quia
1200 1206 1412 1274 latent
1451 1232 1466 1272 :
1505 1230 1662 1274 nam
1691 1207 1790 1273 nil
1819 1205 2073 1290 differt,
2107 1209 2168 1275 si
2195 1231 2408 1276 nemo
2429 1209 2527 1274 vi-

380 1325 574 1406 deat,
610 1347 817 1416 quum
854 1339 927 1392 tu
958 1324 1107 1417 ipse
1135 1322 1285 1390 illos
1310 1322 1568 1390 videas.
1607 1322 1882 1391 Mobilis
1914 1339 2058 1390 esto
2082 1371 2104 1406 ,
2140 1347 2292 1390 non
2321 1321 2526 1410 levis3

378 1457 727 1522 constans,
769 1465 910 1509 non
938 1441 1277 1532 pertinax.
1322 1439 1628 1530 Alicujus
1655 1439 1759 1507 rei
1792 1439 2144 1506 seientiam
2175 1437 2444 1506 habere
2469 1453 2532 1506 te

380 1581 509 1626 nec
540 1561 849 1652 ignotum
877 1557 965 1623 sit
984 1605 1003 1638 ‚
1040 1579 1170 1623 nec
1200 1555 1575 1624 molestum.
1612 1556 1868 1626 Omnes
1895 1556 2021 1623 tibi
2050 1579 2256 1650 pares
2293 1556 2526 1634 facies,

380 1674 503 1743 sed
554 1675 916 1742 inferiores
964 1669 1422 1765 superbiendo
1464 1696 1604 1742 non
1655 1688 2069 1742 contemnes.
2121 1673 2533 1766 Superiores

380 1805 565 1858 recte
600 1786 897 1857 vivendo
930 1812 1071 1856 non
1098 1803 1382 1856 metuas.
1416 1789 1498 1854 In
1527 1785 1876 1856 reddenda
1906 1787 2377 1878 officiositate,
2416 1811 2536 1856 ne-

380 1930 517 1998 que
571 1906 935 2000 negligens
960 1955 981 1989 ,
1041 1927 1267 1996 neque
1320 1921 1590 1976 exactor
1637 1927 1991 1998 appareas.
2043 1907 2343 1973 Cunctis
2399 1921 2534 1973 esto

382 2021 766 2115 benignus,
816 2021 1070 2088 nemini
1117 2019 1446 2104 blandus,
1485 2023 1718 2113 paucis
1773 2020 2166 2102 familiaris,
2217 2022 2536 2088 omnibus

382 2159 639 2228 aequus.
680 2136 1000 2204 Severior
1038 2151 1179 2204 esto
1215 2135 1288 2202 in
1320 2135 1580 2228 judicio
1626 2161 1825 2228 quam
1869 2137 1943 2204 in
1990 2159 2312 2205 sermone
2357 2163 2374 2203 :
2407 2140 2533 2206 vita

386 2280 587 2350 quam
625 2255 817 2322 vultu
848 2251 980 2350 (al.
1036 2250 1256 2347 cultu)
1313 2279 1329 2319 ε
1387 2254 1609 2321 cultor
1653 2253 2030 2329 clementiae
2082 2281 2100 2321 z
2162 2252 2536 2324 detestator

386 2374 651 2443 saevitiae
686 2396 701 2438 ε
735 2370 933 2439 bonae
971 2370 1160 2438 famae
1187 2392 1412 2460 neque
1439 2384 1571 2437 tuae
1603 2371 2000 2452 seminator,
2035 2393 2268 2461 neque
2296 2370 2536 2439 alienat

386 2489 688 2559 invidus.
730 2486 1145 2559 Rumoribus
1170 2536 1187 2567 ,
1236 2486 1638 2555 criminibus
1660 2536 1679 2570 ,
1713 2485 2220 2580 suspicionibus
2253 2490 2536 2557 minime

391 2602 711 2673 credulus
736 2601 846 2671 vel
875 2600 1249 2695 malignus,
1296 2599 1412 2668 sed
1465 2603 1691 2693 potius
1745 2602 1854 2670 his
1901 2602 2018 2693 qui
2061 2624 2191 2695 per
2231 2606 2532 2697 speciem

394 2716 845 2811 simplicitatis
881 2714 971 2782 ad
1000 2713 1382 2784 nocendum
1415 2714 1757 2808 aliquibus
1787 2714 2211 2808 subrepunt,
2255 2720 2538 2811 opposi-

390 2832 713 2901 tissimus.
754 2828 861 2899 Ad
886 2830 1057 2897 iram
1092 2826 1326 2897 tardus
1357 2880 1378 2914 ,
1417 2828 1506 2897 ad
1541 2828 2072 2905 misericordiam
2112 2853 2386 2922 pronus
2407 2882 2426 2912 ‚
2473 2834 2537 2897 in

392 2949 697 3017 adversis
715 2948 951 3016 firmus
967 2996 986 3029 ‚
1017 2948 1093 3013 in
1112 2949 1456 3039 prosperis
1475 2962 1710 3015 cautus
1732 2959 1802 3015 et
1823 2946 2098 3013 humilis
2112 2996 2132 3027 ,
2169 2946 2542 3015 occultator

395 3069 725 3135 virtutum
764 3066 940 3133 sicut
978 3062 1098 3130 alii
1146 3064 1493 3131 vitiorum.
1537 3066 1745 3133 Vanae
1794 3063 2028 3157 glorias
2071 3079 2534 3158 contemptor,

396 3197 466 3249 et
506 3181 837 3249 bonorum
876 3229 900 3265 ,
945 3179 1195 3271 quibus
1242 3176 1569 3271 praeditus
1617 3200 1690 3245 es
1725 3200 1866 3244 non
1905 3174 2198 3243 acerbus
2239 3192 2535 3245 exactor.

394 3296 664 3365 Nullius
690 3292 1219 3389 imprudentiam
1254 3293 1612 3388 despicias.
1645 3295 1814 3362 Rari
1837 3294 2166 3360 sermonis
2193 3293 2348 3386 ipse
2371 3344 2391 3375 ,
2429 3291 2544 3361 sed

398 3414 825 3506 loquentium
850 3414 1138 3506 patiens.
1165 3414 1483 3494 Severus,
1513 3436 1651 3479 non
1670 3434 1909 3494 saevus,
1943 3409 2065 3478 sed
2089 3410 2390 3479 hilarem
2413 3433 2540 3477 non

400 3556 795 3626 aspernans.
847 3531 1210 3624 Sapientiae
1244 3528 1533 3623 cupidus
1566 3545 1634 3598 et
1676 3528 1950 3614 docilis,
1991 3552 2146 3621 quae
2183 3532 2370 3597 nosti
2403 3531 2542 3597 sine

406 3648 797 3745 arrogantia
828 3647 1193 3741 postulanti
1222 3648 1615 3740 imparties3
1647 3670 1800 3739 quae
1828 3646 2047 3715 nescis
2069 3646 2222 3713 sine
2249 3644 2544 3713 occulta-

404 3769 591 3836 tione
628 3766 1023 3855 ignorantias
1056 3764 1184 3833 tibi
1223 3764 1488 3858 postula
1522 3765 1884 3858 impartiri.
1925 3764 2077 3829 Non
2109 3762 2544 3830 conturbabit

406 3892 675 3983 sapiens
700 3912 919 3957 mores
945 3884 1257 3982 publicos
1280 3936 1301 3971 ,
1334 3910 1464 3955 nec
1488 3887 1815 3982 populum
1847 3886 1918 3953 in
1953 3908 2026 3953 se
2061 3885 2220 3953 vitae
2247 3888 2541 3953 novitate

408 4018 781 4075 convertet.
824 4004 1111 4073 Justitiae
1146 4018 1301 4097 post
1335 4001 1478 4071 haee
1515 4004 1726 4071 virtus
1759 4018 1884 4068 est.
