2667 4475
787 274 1309 349 EPISTOLA
1359 278 1527 347 CII.
2105 286 2224 379 175

129 414 263 485 fecit
284 413 633 508 iujuriam3
670 412 1013 482 revocavit
1046 410 1229 480 enim
1256 432 1362 479 me
1380 459 1402 493 ‚
1433 410 1828 503 cogitationi
1856 417 2056 505 aptae¹
2091 429 2226 483 tra-

129 530 315 599 ditum
339 577 360 612 ,
422 543 493 597 et
558 530 813 597 iturum
836 575 856 609 ‚
924 528 982 594 si
1035 526 1337 595 licuisset
1360 574 1383 610 ,
1446 525 1755 595 ulterius.
1811 528 2101 598 Juvabat
2143 530 2230 597 de

134 648 505 715 AEtemitatc
520 652 548 681 ²
602 650 977 713 animamm
1036 666 1343 735 quaerere
1375 692 1397 727 ,
1447 643 1582 711 imo
1623 641 2047 714 mehercules
2089 670 2232 715 cre-

135 760 273 830 dere
302 788 319 829 :
348 760 703 831 credebam
735 762 918 829 euim
947 784 1053 829 me
1091 760 1286 829 facile
1306 751 1331 795 ³
1362 758 1798 854 opinionibus
1831 786 2230 856 magnorum

131 880 435 967 virorum,
476 903 625 948 rem
665 878 1115 973 gratissimam
1156 878 1694 971 promittentium
1736 880 1985 971 magia,
2029 904 2264 973 quam·

126 990 549 1084 probantium.
602 993 865 1063 Dabam
910 1014 1021 1061 me
1058 994 1202 1087 spei
1249 1008 1451 1061 tantae
1497 1018 1514 1059 ι
1559 994 1702 1087 jam
1739 1018 1924 1063 eram
1965 986 2266 1064 fastidio‘

128 1111 305 1194 mihi3
326 1112 464 1204 jam
488 1111 815 1205 reliquias
845 1111 1058 1179 aetatis
1082 1099 1387 1179 infractae
1416 1112 1964 1193 contemnebam,
2001 1114 2072 1181 in
2098 1115 2231 1182 im·-

128 1250 397 1295 mensum
414 1226 585 1297 illud
604 1242 894 1321 tempus,
926 1210 996 1295 et
1019 1228 1094 1296 in
1112 1228 1600 1320 possessionem
1618 1230 1836 1298 omnis
1853 1232 1974 1299 aevi
2006 1246 2227 1299 trans-

132 1342 361 1429 iturus3
420 1368 632 1437 quum
682 1342 904 1413 subito
952 1361 1384 1437 experrectus
1429 1368 1576 1413 sum
1621 1344 1908 1438 epistola
1957 1360 2074 1413 tua
2115 1370 2233 1414 ac-

130 1472 294 1548 cepta
310 1506 328 1541 ,
367 1474 437 1525 et
475 1474 609 1525 tam
646 1457 898 1526 bellum
945 1458 1279 1527 somnium
1313 1457 1614 1552 perdidi.
1647 1455 1856 1551 Quod
1883 1472 2182 1553 repetam
2205 1508 2228 1544 ,

131 1571 177 1637 si
205 1589 265 1641 te
296 1574 615 1643 dimisero
634 1622 654 1655 ‚
696 1587 765 1642 et
797 1573 1149 1641 redimam.

206 1689 409 1782 Negat
450 1710 560 1755 me
608 1686 895 1779 epistola
940 1678 1205 1779 prima⁴
1264 1702 1468 1781 totam
1515 1689 1954 1781 quaestionem
2009 1687 2236 1782 expli-

132 1802 356 1885 cuisse,
396 1804 473 1869 in
506 1826 645 1894 qua
674 1800 969 1895 probare
1001 1799 1296 1869 conabar
1324 1799 1435 1888 id,
1476 1800 1662 1894 quod
1692 1804 1939 1872 nostris
1975 1803 2230 1897 placet,

138 1918 535 1989 «claritatem
554 1967 574 2001 ,
618 1943 769 2012 quae
807 1934 959 2012 post
996 1934 1275 1987 mortem
1314 1915 1682 2015 contingit,
1725 1922 1974 1989 bonum
2013 1944 2180 1990 esse.
2199 1948 2232 1985 »
2319 1956 2324 1963 -

130 2032 198 2101 ld
220 2039 387 2105 enim
414 2060 525 2105 me
553 2059 690 2105 non
720 2036 1020 2116 solvisse,
1050 2033 1236 2126 quod
1258 2036 1627 2129 opponitur
1651 2036 1847 2104 nobis
1877 2062 1893 2101 ε
1919 2036 2192 2104 Nullum
2212 2087 2234 2122 ,

132 2151 463 2246 inquiunt,
500 2153 755 2223 bonum
788 2174 870 2219 ex
900 2146 1376 2239 distantibus⁵3
1411 2150 1542 2219 hoc
1561 2170 1789 2220 autem
1817 2168 1898 2219 ex
1928 2152 2241 2221 distanti-

130 2265 239 2336 bus
280 2285 562 2339 constat.
598 2303 703 2322 -·
736 2266 945 2360 Quod
978 2267 1361 2360 interrogas
1381 2263 1435 2349 ⁶,
1483 2269 1572 2336 mi
1611 2267 1832 2336 Lucili
1862 2318 1880 2349 ,
1920 2267 2240 2359 ,ejusdcm

133 2387 495 2473 quaestionis
534 2400 674 2465 est,
726 2383 857 2451 loci
906 2383 1225 2470 alterius3
1276 2398 1349 2451 et
1389 2382 1544 2451 ideo
1583 2407 1722 2451 non
1769 2383 1900 2451 hoc
1937 2399 2194 2451 tantum
2215 2433 2234 2466 ,

129 2498 231 2567 sed
259 2500 385 2570 alia
419 2524 701 2595 quoque
756 2498 995 2567 eodem
1051 2498 1464 2592 pertinentia
1487 2548 1507 2580 ,
1552 2496 1972 2569 distuleram.
2030 2499 2243 2591 Quae-

192 2753 227 2786 ι.
244 2737 409 2806 Aptoe.
429 2739 473 2792 1.
500 2735 725 2790 invicem
752 2753 908 2789 nexo.
926 2734 1129 2808 Lipsius
1229 2735 1317 2790 Sic
1339 2747 1457 2789 vett-
1477 2735 1612 2790 libri.
1633 2735 1810 2807 Negas
1833 2735 1948 2790 edd.
1971 2753 2029 2791 ex
2047 2737 2243 2792 Erasmi

130 2815 336 2868 emendat
358 2819 503 2868 altoe.
528 2813 711 2868 Ruhk.

180 2892 465 2946 adunent
482 2893 554 2945 de
567 2893 900 2944 attendente...
907 2891 1129 2959 pmban-

124 2968 251 3020 uun».
272 2969 412 3044 Stepe
432 2969 545 3042 jam
562 2967 811 3032 vidimus,
836 2979 1013 3020 nutare
1030 2987 1129 3020 uo-

124 3055 239 3096 tmm
272 3065 417 3120 super
450 3047 548 3100 hae
585 3065 641 3098 re
662 3084 678 3113 ,
715 3057 765 3098 et
796 3043 929 3097 velle
966 3045 1127 3117 magis

128 3139 261 3190 quam
297 3123 519 3177 credere.
558 3123 683 3196 Egit
710 3122 773 3176 de
806 3120 906 3175 hoc
930 3121 1127 3196 Lipsius

129 3194 333 3271 Physiol.
359 3201 505 3254 stoic.
542 3201 625 3252 Ill
644 3238 661 3262 ,
704 3219 779 3252 ιι.
823 3197 904 3251 cf.
948 3195 1128 3250 Consii

128 3273 529 3348 Abhamuungm
542 3295 690 3349 supra
702 3274 840 3329 laud.
861 3296 911 3349 p.
932 3292 999 3345 90
1016 3293 1127 3346 sqq.

129 3345 357 3408 Cetemm'
386 3357 531 3410 idem
567 3373 738 3428 passus
761 3367 834 3408 est
856 3354 997 3426 quod
1030 3353 1129 3406 Ci-

125 3433 383 3487 ceroTuse.
402 3436 505 3506 Qu.
525 3435 553 3486 1
573 3473 590 3501 ‚
620 3451 671 3486 ιι
698 3451 714 3486 ε
736 3431 969 3486 «Nescio
990 3449 1128 3503 quo-

126 3508 263 3562 modo
279 3551 295 3579 ,
320 3512 443 3565 dum
468 3513 587 3585 lego
605 3551 621 3577 ,
645 3509 889 3565 assentior
919 3528 933 3564 z
964 3527 1129 3581 quum

128 3588 253 3652 posui
282 3589 471 3644 {ibrum
507 3603 559 3644 et
584 3607 783 3642 mecum
804 3590 911 3661 ipse
932 3587 997 3641 de
1018 3585 1130 3638 im-

129 3667 404 3722 mortalitate
426 3669 720 3722 auimorum
742 3667 871 3741 coepi
890 3666 1127 3738 cogitare,

130 3745 328 3798 mensio
352 3745 526 3799 omnis
542 3745 635 3798 illa
662 3741 923 3797 elabitur.»
948 3741 1129 3796 Ruhk.

184 3819 225 3871 3.
246 3823 336 3876 Me
336 3823 529 3896 facile.
555 3823 643 3876 Sic
663 3841 837 3876 omnes
854 3823 959 3875 fere
978 3819 1129 3874 codd.

130 3907 171 3948 et
186 3909 379 3954 vetustte
401 3899 522 3956 edd.
545 3901 709 3953 Antea
726 3899 836 3952 sine
859 3917 873 3953 ε
894 3919 993 3953 me.
1011 3900 1084 3953 R.

180 3976 222 4039 4.
254 3977 433 4048 Negat
464 3995 555 4030 me
589 3981 807 4045 epistola
825 3980 1027 4048 prima.
1056 3977 1130 4042 (1.

128 4069 163 4100 e.
178 4051 369 4111 initium
380 4069 483 4112 tue
497 4053 721 4129 epistola
728 4068 882 4128 negat
895 4075 995 4122 me,
1010 4057 1131 4124 etc.)

1223 2813 1452 2888 ingenio.
1487 2813 1593 2866 Alii
1626 2827 1785 2886 neget.
1813 2815 1975 2872 Schw.
1997 2847 2063 2859 —
2085 2819 2244 2872 Ruh-

1223 2887 1420 2962 kopfius
1451 2890 1540 2961 qui
1564 2891 1726 2945 edidit
1756 2913 1916 2964 negas
1948 2895 2020 2947 sic
2049 2894 2112 2948 de
2149 2895 2242 2950 hac

1227 2967 1437 3042 epistola
1475 2967 1639 3040 prima
1673 2969 1870 3024 disserit
1899 2987 1912 3023 ε
1945 2971 2145 3046 Lipsius¹
2177 2974 2242 3027 de

1228 3045 1436 3120 epistola
1458 3047 1664 3100 Seneca
1679 3046 1920 3120 intelligit
1937 3087 1952 3115 ,
1968 3069 2118 3120 quam
2139 3049 2243 3124 ipse

1226 3123 1512 3176 observavit
1528 3145 1635 3177 non
1656 3137 1862 3180 exstare.
1879 3127 2110 3182 Fortasse
2133 3133 2244 3198 epi-

1224 3205 1363 3255 stola
1389 3203 1568 3270 pn'ma
1603 3214 1676 3256 est
1709 3203 1849 3276 prior
1882 3215 1979 3259 tuae
2019 3206 2244 3280 epistole

1224 3299 1366 3348 pars,
1396 3277 1453 3330 in
1478 3299 1576 3351 qua
1603 3279 1825 3335 Lucilius
1862 3283 2106 3356 explicare
2139 3307 2244 3340 vo—

1224 3355 1322 3408 luit
1336 3395 1352 3418 ‚
1377 3367 1470 3409 etc.
1493 3357 1566 3408 lta
1587 3357 1773 3410 referas
1798 3358 1864 3411 ad
1885 3380 2046 3430 negas
2066 3365 2138 3416 τὰ·
2167 3363 2248 3415 Id

1224 3437 1361 3486 enim
1385 3452 1469 3487 me
1490 3455 1590 3487 non
1609 3438 1835 3489 solvisse.
1863 3437 2046 3492 Ruhk.

1292 3513 1452 3566 &Ex
1464 3509 1782 3566 daktant‘e'bus
1807 3552 1823 3580 ,
1845 3513 1881 3566 i.
1901 3535 2118 3584 quorum
2136 3535 2243 3591 par·

1225 3600 1299 3642 tes
1318 3602 1553 3662 separate
1571 3603 1704 3644 sunt.
1722 3591 1794 3643 R.
1814 3619 1881 3632 —
1903 3591 1984 3645 Cf.
2001 3592 2134 3646 infra
2158 3595 2187 3664 S
2211 3593 2246 3647 6

1232 3677 1311 3732 (et
1328 3667 1400 3720 ibi
1427 3681 1532 3721 not.
1557 3668 1655 3735 4);
1685 3670 1826 3742 cujus
1845 3668 1946 3723 loci
1963 3669 2247 3744 Lam-ange

1226 3743 1412 3798 oblitus
1432 3745 1581 3798 vertit
1604 3744 1856 3801 :Dis-tant
1873 3750 1938 3801 de
1957 3769 2103 3804 nous.

1288 3817 1339 3872 ὃ.
1377 3817 1539 3892 Quod
1551 3823 1895 3893 interr-ogas...
1921 3829 2135 3880 alterius
2159 3845 2178 3879 .·
2209 3825 2244 3878 i.

1228 3918 1271 3952 e.
1296 3897 1360 3952 ad
1383 3899 1611 3953 eamdem
1632 3901 1962 3972 quoestionem
1995 3903 2242 3976 pertinet,

1228 3978 1318 4030 sed
1341 3977 1396 4030 iu
1422 3979 1577 4032 altera
1605 3978 1869 4052 disciplina
1892 4019 1906 4046 ,
1926 3981 1960 4034 i.
1982 4001 2024 4036 e.
2046 3981 2102 4036 iu
2134 3983 2245 4035 Lo·-

1232 4055 1348 4128 giea
1370 4068 1618 4110 tractatur.
1644 4055 1826 4108 Rnhk.
